2118 2912
602 212 662 255 44
1115 226 1234 259 cuo
1264 227 1429 260 maon

602 332 904 376 senectutem.
989 331 1090 377 Nec
1124 337 1283 378 tamen
1323 347 1486 378 omnes
1515 337 1715 392 possunt
1752 347 1854 380 esse
1881 326 2040 402 88ῃῇ
2071 357 2081 378 2

602 417 716 447 ones
766 408 848 448 aut
903 405 1115 459 Maximi,
1176 409 1228 450 ut
1292 406 1479 450 urbium
1547 409 1930 464 expugnationes,
1973 403 2053 456 ut?
2078 466 2084 471 ⁹

601 476 839 533 pedestres
860 479 1106 522 navalesve
1137 493 1332 536 pugnas,
1357 483 1411 523 ut
1442 480 1565 523 bella
1583 495 1612 524 a
1631 495 1681 525 se
1701 485 1845 538 gesta,
1872 484 1928 526 ut
1946 481 2029 527 tri·
2072 474 2075 477 ’

602 550 800 606 umphos
836 551 1152 595 recordentur.
1254 552 1343 598 Est
1378 552 1520 596 etiam
1553 554 1712 611 quiete
1743 557 1792 599 et
1823 569 1940 612 pure
1979 558 2031 600 et
2065 586 2071 594 -

600 623 838 680 eleganter
857 628 986 667 actae
1008 625 1174 668 aetatis
1206 625 1386 682 placida
1414 640 1467 669 ae
1498 626 1618 670 lenis
1637 630 1853 672 senectus
1875 643 1887 682 3
1916 642 2027 687 qua-
2089 620 2092 621 ⁷

599 695 690 738 lem
721 696 982 752 accepimus
1001 696 1240 750 ‚Platonis‚
1267 698 1348 754 qui
1382 713 1474 741 uno
1510 703 1558 742 et
1594 701 1875 756 octogesimo
1903 715 2028 746 anno
2075 751 2078 758 y

600 769 805 812 scribens
842 774 914 812 est
948 774 1190 823 mortuus3
1224 771 1408 828 qualem
1441 772 1672 828 Isocratis,
1713 774 1795 831 qui
1830 788 1939 818 eum
1963 774 2026 819 'li-
2063 790 2066 795 ·

598 844 748 898 brum,
775 844 858 901 qui
890 840 1255 888 Panathenaicus
1285 845 1571 902 inscribitur,
1601 852 1770 904 quarto
1802 852 1850 892 et
1883 862 2026 894 nona·
2082 895 2085 899 ,

597 916 772 974 gesimo
791 931 915 960 anno
936 917 1171 972 scripsisse
1193 932 1242 961 se
1262 915 1374 960 dicit
1407 918 1618 977 vixitque
1652 921 2027 980 quinquennium

597 993 786 1046 postea:
820 989 954 1046 cujus
986 990 1205 1045 magister
1235 989 1494 1034 Leontinus
1524 991 1718 1048 Gorgias
1754 998 1943 1040 centum
1977 986 2028 1041 et
2061 1038 2068 1050 .,

596 1067 775 1119 septem
797 1061 1046 1119 complevit
1077 1077 1224 1106 annos
1254 1078 1406 1121 neque
1431 1079 1632 1122 unquam
1663 1067 1712 1109 in
1749 1082 1832 1111 suo
1867 1069 2026 1115 studio

596 1140 737 1193 atque
773 1150 911 1192 opere
939 1136 1147 1179 cessavit.
1217 1135 1325 1191 Qui,
1365 1151 1510 1194 quum
1546 1153 1604 1182 ex
1633 1154 1687 1182 eo
1722 1146 2027 1198 quaereretur

595 1224 679 1254 cur
698 1209 878 1254 tamdiu
895 1209 1036 1253 vellet
1057 1223 1157 1253 esse
1178 1211 1227 1252 in
1250 1210 1374 1254 vita:
1408 1211 1524 1254 nihil
1545 1211 1694 1268 habco,
1718 1214 1887 1273 inquit,
1908 1218 2027 1274 quod
2064 1230 2089 1268 ’,

595 1298 792 1327 accusem
823 1285 1094 1327 senectutem.
1163 1282 1462 1326 Praeclarum
1493 1299 1767 1342 responsum
1802 1290 1852 1332 et
1885 1288 2024 1335 docto

519 1358 576 1400 14
594 1356 782 1400 homine
805 1355 997 1412 dignum
1022 1356 1031 1398 ἔ
1094 1355 1189 1399 Sua
1210 1355 1336 1399 enim
1355 1356 1473 1400 vitia
1503 1357 1777 1414 insipientes
1808 1363 1858 1405 et
1890 1376 2023 1408 suam
2068 1360 2069 1363 ’

593 1429 776 1486 culpam
797 1429 847 1472 in
869 1432 1155 1472 senectutem
1179 1429 1427 1487 conferunt
1445 1443 1455 1483 ;
1475 1430 1603 1487 quod
1624 1445 1720 1475 non
1741 1432 1942 1480 faciebat
1961 1434 2016 1494 is,
2074 1430 2081 1464 ·’

593 1502 730 1560 cujus
751 1501 888 1545 modo
910 1501 1196 1545 mentionem
1219 1501 1323 1556 feci,
1344 1501 1550 1547 Ennius:

690 1602 817 1648 Sicut
837 1602 978 1659 fortis
998 1617 1145 1659 equus,
1173 1603 1320 1658 spatio
1339 1603 1420 1660 qui
1439 1618 1564 1659 saepe
1583 1619 1788 1662 supremo

695 1675 817 1720 Vicit
841 1675 1066 1731 Olymyria,
1092 1690 1212 1718 mmm
1232 1675 1353 1736 segub
1373 1675 1584 1731 confectw'
1607 1679 1802 1735 quiescit.

590 1780 715 1838 Equi
738 1778 873 1822 fortis
895 1782 942 1822 et
964 1777 1154 1821 victoris
1175 1778 1408 1822 senectuti
1419 1784 1665 1836 ‚comparat
1687 1796 1847 1830 suamt
1879 1799 2020 1844 quem
2064 1800 2070 1803 ·

590 1853 781 1912 quidem
802 1851 946 1915 prgbe
967 1850 1233 1894 meminisse
1266 1851 1476 1908 potestis:
1542 1854 1681 1898 Anno
1713 1856 1835 1901 enim
1874 1859 2020 1906 unde-
2071 1857 2078 1899 1

589 1926 807 1971 vicesimo
831 1927 936 1982 post
967 1924 1071 1981 ejus
1107 1928 1304 1967 mortem
1326 1924 1374 1967 hi
1397 1926 1623 1981 consules,
1647 1927 1698 1971 T.
1726 1927 2019 1979 Flamininus
2068 1934 2069 1938 ’

588 2006 636 2044 et
658 1999 736 2043 Μ’,
762 1998 957 2049 Acilius,
982 1998 1094 2040 facti
1116 2004 1252 2041 sunt:
1287 1997 1364 2041 ille
1385 2004 1543 2043 autem
1565 1999 1797 2058 Caepione
1818 2008 1867 2048 et
1887 2004 2019 2057 Phil·

588 2076 695 2131 ippo
718 2073 887 2115 iterum
910 2069 1178 2138 consulibus
1199 2076 1409 2114 mortuus
1430 2076 1502 2116 est
1520 2089 1531 2126 ;
1558 2087 1704 2131 quum
1722 2089 1807 2132 ego
1827 2077 2018 2134 quidem
2064 2074 2073 2092 '⁴

588 2161 616 2188 v
639 2152 686 2190 et
715 2159 779 2189 Lx
809 2159 956 2188 annos
987 2148 1126 2187 natus
1157 2144 1307 2200 legem
1336 2143 1593 2190 Voconiam
1626 2161 1794 2204 magna
1825 2164 1937 2196 voce
1958 2146 2018 2202 ‘et

585 2220 720 2264 bonis
741 2218 966 2262 lateribus
988 2217 1247 2261 suasissem.
1304 2218 1469 2262 Annos
1489 2230 1587 2263 Lxx
1606 2223 1747 2265 natus
1782 2226 1871 2277 (tot
1890 2222 2016 2279 enim
2063 2244 2066 2246 ’

585 2294 703 2337 vixit
723 2291 927 2346 Ennius)
958 2291 1025 2334 ita
1044 2290 1226 2334 ferebat
1247 2290 1355 2338 duo
1382 2306 1503 2348 quae
1533 2291 1737 2341 maxima
1768 2297 2012 2362 putantum,
2059 2286 2075 2313 ἦ

583 2381 725 2412 onera
746 2369 1069 2423 paupertatem
1095 2367 1143 2408 et
1173 2367 1476 2420 senectutem,
1500 2369 1555 2410 ut
1582 2365 1652 2411 eis
1681 2380 1830 2424 paene
1865 2360 2017 2440 dubo·

507 2444 561 2487 15
584 2440 672 2485 tari
694 2438 943 2483 videretur
1012 2436 1204 2481 Etenim
1224 2450 1370 2495 quum
1400 2437 1690 2497 contemplor
1707 2428 2023 2506 animoqm

581 2518 690 2559 tuor
730 2511 911 2572 reperio
951 2524 1110 2555 causas
1161 2524 1244 2556 cur
1286 2514 1501 2558 senectus
1550 2511 1718 2561 misera
1766 2510 1814 2559 vi
1859 2511 1956 2573 f'f‘
