2118 2912
33 0 286 65 Fss>wv·v

722 204 841 236 cA‘ro
872 204 1041 235 MAJOR.

131 307 297 351 eadem
317 308 432 353 mihi
464 324 551 353 usu
573 310 790 353 venirent
821 310 1105 366 reliquisque
1136 313 1350 356 omnibus
1370 317 1553 372 majori-

134 380 222 424 bus
242 376 359 424 natu'
374 395 387 438 3
418 396 616 440 quorum
648 396 732 438 ego
765 381 1018 424 multorum
1050 383 1243 438 cognovi
1265 390 1549 431 senectutem

134 453 235 496 sine
254 453 458 511 querela,
484 454 566 511 qui
598 469 646 497 se
679 457 726 496 et
758 453 1007 496 libidinum
1031 455 1226 498 vinculis
1258 456 1434 502 laxatos
1457 476 1553 504 esse

133 539 229 569 non
264 525 457 569 moleste
494 527 672 569 ferrent
708 540 795 568 nec
832 540 860 567 a
897 527 990 568 suis
1025 527 1381 583 despicerentur.
1462 533 1552 576 Sed

133 599 340 643 omnium
371 599 633 641 istiusmodi
666 598 959 656 querelarum
991 600 1038 641 in
1073 601 1277 643 moribus
1310 607 1379 646 est
1400 605 1547 661 culpa,

132 687 227 716 non
258 673 309 716 in
340 676 503 716 aetate.
592 673 827 715 Moderati
865 674 988 716 enim
1026 678 1072 716 et
1106 689 1189 717 nec
1226 675 1432 719 difficiles
1468 692 1551 721 nec

131 745 375 789 inhumani
419 759 553 788 senes
600 744 886 788 tolerabilem
923 750 1208 788 senectutem
1241 751 1415 802 agunt:
1465 750 1547 792 im-

131 818 393 874 portunitas
413 821 571 861 autem
603 820 650 860 et
682 818 998 860 inhumanitas
1030 819 1155 860 omni
1187 821 1327 862 aetati
1359 822 1552 865 molesta

131 893 214 934 est.
281 890 471 934 Laelius.
509 890 607 944 Est,
638 894 690 933 ut
722 890 853 942 dicis,
880 890 993 933 Cato
1018 906 1026 934 :
1060 891 1140 934 sed
1162 893 1356 936 fortasse
1378 895 1548 939 dixerit

130 963 359 1021 quispiam
380 963 467 1006 tibi
485 967 676 1020 propter
696 977 806 1019 opes
823 965 869 1006 et
886 964 1038 1019 copias
1060 968 1105 1006 et
1128 964 1400 1019 dignitatem
1423 971 1549 1010 tuam

130 1035 490 1080 tolerabiliorem
523 1039 812 1079 senectutem
834 1036 1010 1087 videri3
1046 1036 1091 1078 id
1114 1042 1269 1079 autem
1302 1052 1392 1080 non
1418 1054 1548 1093 posse

130 1108 290 1152 multis
331 1108 610 1164 contingere.
699 1107 818 1150 Cato.
869 1108 954 1150 Est
995 1109 1113 1150 istuc
1154 1109 1357 1165 quidem,
1403 1111 1544 1165 Laeli,

130 1181 306 1238 aliquid
324 1196 334 1232 ;
373 1180 453 1223 sed
486 1195 776 1237 nequaquam
810 1181 858 1223 in
890 1181 980 1223 isto
1011 1181 1176 1222 omnia.
1248 1181 1312 1223 Ut
1344 1182 1547 1225 Themis-

130 1254 272 1297 tocles
305 1254 455 1310 fertur
491 1253 705 1309 Seriphio
742 1253 925 1296 cuidam
965 1253 1015 1295 in
1054 1253 1208 1309 jurgio
1242 1257 1541 1310 respondisse,

129 1340 273 1384 quum
309 1324 387 1367 ille
424 1324 618 1369 dixisset
655 1340 749 1368 non
787 1340 892 1368 eum
926 1339 1024 1379 sua,
1065 1325 1147 1368 sed
1188 1326 1363 1381 patriae
1403 1327 1548 1383 gloria

127 1400 419 1457 splendorem
440 1402 702 1451 assecutum
726 1414 735 1442 :
769 1398 862 1440 Nec
883 1398 1065 1452 hercule,
1095 1398 1260 1455 inquit,
1287 1399 1326 1441 si
1346 1414 1418 1456 eqo
1449 1400 1547 1444 Ser-

127 1473 279 1530 iphius
309 1487 452 1527 essem,
488 1472 663 1525 nobilis,
688 1485 765 1514 nec
800 1473 866 1521 tu,
889 1471 928 1513 si
951 1470 1234 1514 Atheniensis
1262 1485 1375 1525 asses,
1403 1474 1548 1516 clarus

127 1545 518 1602 ’mquamfuissea
582 1542 717 1596 Quod
740 1542 902 1587 eodem
935 1543 1071 1585 modo
1094 1543 1151 1586 de
1181 1547 1420 1587 senectute
1456 1545 1546 1589 dici

128 1621 291 1676 potest.
358 1615 406 1660 N
408 1631 458 1660 ec
480 1617 605 1659 enim
627 1616 677 1659 in
699 1630 879 1658 summa
900 1615 1056 1670 inopia
1078 1615 1193 1657 levis
1216 1630 1313 1658 esse
1336 1620 1547 1660 senectus

126 1694 294 1748 potest,
335 1704 394 1732 ne
426 1688 625 1744 sapienti
665 1687 856 1744 quidem
875 1704 887 1741 ;
928 1702 1012 1730 nec
1047 1688 1286 1743 insipienti
1323 1690 1462 1732 etiam
1496 1690 1545 1733 in

125 1778 305 1808 summa
344 1762 474 1818 copia
513 1775 609 1803 non
648 1761 812 1816 gravis.
850 1812 857 1813 ἶ
902 1761 1154 1816 Aptissima
1185 1760 1373 1803 omnino
1416 1766 1539 1817 sunt,

126 1836 280 1892 Scipio
301 1838 349 1878 et
371 1834 515 1889 Laeli,
536 1847 664 1876 arma
684 1833 939 1876 senectutis
956 1836 1079 1876 artes
1101 1833 1544 1891 exercitationesque

126 1909 383 1952 virtutum:
415 1906 602 1964 quaein
627 1906 750 1949 omni
785 1909 938 1948 aetate
961 1905 1126 1959 cultae,
1152 1920 1293 1961 quum
1326 1906 1407 1948 diu
1429 1908 1542 1949 mul—

123 1986 317 2038 tumque
349 1978 536 2032 vixeris,
561 1977 778 2020 mirificos
812 1979 1011 2021 efferunt
1046 1978 1239 2031 fructus,
1266 1992 1358 2020 non
1393 1979 1540 2022 solum

122 2056 232 2114 quia
251 2067 491 2110 nunquam
523 2052 759 2111 deserunt,
785 2065 845 2094 ne
879 2054 1086 2094 extremo
1122 2051 1310 2107 quidem
1338 2055 1543 2108 tempore

122 2127 288 2172 aetatis
319 2128 620 2184 (quamquam
639 2124 690 2167 id
710 2124 964 2167 maximum
986 2123 1075 2179 est)
1098 2138 1256 2166 verum
1274 2124 1412 2167 etiam
1435 2125 1542 2181 quia

122 2198 405 2245 conscientia
423 2198 543 2241 bene
562 2200 691 2240 actae
713 2197 838 2240 vitae
868 2196 1214 2253 multorumque
1250 2196 1366 2240 bene
1397 2197 1539 2244 facto·

121 2287 228 2317 rum
247 2270 507 2317 recordatio
526 2269 865 2327 jucundissima
886 2272 970 2320 est.

1534 203 1628 245 -41

1599 897 1627 940 8
