2118 2912
520 178 578 227 72
1031 191 1150 223 cA'ro
1182 191 1352 224 unos.

517 314 566 356 et
586 312 730 368 copia.
799 311 969 356 Omnia
1001 326 1125 366 vero,
1152 326 1275 369 quae
1297 310 1553 358 secundum
1574 315 1791 359 naturam
1808 313 1946 372 fiunt,

515 388 628 428 sunt
647 384 863 428 habenda
883 385 934 427 in
956 384 1102 428 bonis.
1158 384 1283 438 Quid
1307 389 1378 428 est
1395 389 1557 435 autem
1577 390 1674 430 tam
1695 387 1949 431 secundum

516 461 734 500 naturam
770 472 911 515 quam
954 457 1143 501 senibus
1187 458 1365 501 emori?
1395 459 1520 515 quod
1557 459 1681 503 idem
1722 461 1951 512 contingit

515 530 889 574 adolescentibus
909 530 1187 574 adversante
1204 534 1252 574 et
1266 537 1555 587 repugnante
1574 537 1684 576 natu
1692 548 1751 577 ra.
1782 534 1950 591 Itaque

514 603 831 646 adolescentes
873 602 992 646 mori
1022 603 1089 646 sic
1130 603 1246 646 mihi
1270 603 1506 658 videntur,
1534 610 1585 647 ut
1620 621 1765 663 quum
1802 620 1950 663 aquae

516 677 823 720 multitudine
847 677 914 719 vis
935 676 1147 719 flammae
1164 678 1466 733 opprimitur:
1502 694 1634 722 senes
1655 684 1812 723 autem
1829 680 1949 725 sicut

516 766 599 794 sua
619 756 787 807 sponte
807 750 937 793 nulia
957 750 1169 794 adhibita
1199 751 1245 794 vi
1279 756 1580 808 consumptus
1619 754 1739 809 ignis
1775 754 1949 798 exstin-

514 825 700 881 guitur:
736 828 782 867 et
818 824 949 881 quasi
985 838 1123 880 poma
1159 839 1215 867 ex
1249 825 1491 868 arboribus
1513 827 1654 869 cruda
1682 827 1721 869 si
1755 828 1848 871 sint
1870 828 1948 872 vix

516 897 820 949 avelluntur;
861 898 901 940 si
942 901 1125 940 matura
1159 902 1206 940 et
1239 903 1368 940 cocta
1404 899 1654 951 dccidunt;
1704 900 1767 943 sic
1803 902 1947 945 vitam

515 971 889 1015 adolescentibus
910 971 981 1014 vis
1001 971 1171 1024 aufert,
1197 971 1386 1014 senibus
1408 972 1651 1015 maturitas
1673 990 1684 1026 ;
1707 988 1825 1031 quae
1846 975 1947 1032 qui-

515 1045 623 1089 dem
645 1045 759 1087 mihi
783 1050 878 1087 tam
899 1044 1107 1100 jucunda
1129 1049 1211 1098 est,
1242 1049 1294 1086 ut
1315 1059 1408 1101 quo
1432 1046 1622 1101 propius
1653 1046 1711 1089 ad
1749 1052 1946 1092 mortem

513 1119 739 1172 accedam,
767 1118 900 1175 quasi
932 1123 1105 1161 terram
1129 1117 1286 1161 videre
1319 1118 1478 1162 videar
1517 1119 1862 1178 aliquandoque
1898 1121 1946 1165 in

512 1197 699 1249 portum
720 1204 779 1234 ex
799 1190 937 1247 longa
957 1190 1253 1243 navigatione
1276 1205 1375 1234 esse
1402 1196 1644 1236 venturus.

1133 1368 1241 1411 XX.

516 1516 603 1561 The
623 1516 825 1571 happiest
855 1515 940 1558 end
961 1514 1014 1570 of
1038 1513 1112 1568 life
1146 1514 1182 1557 is
1215 1529 1245 1557 a
1266 1515 1455 1557 natural
1476 1514 1754 1560 ἀίεεοῑφιῦἱοτι.
1830 1514 1892 1561 'Po
1914 1532 1944 1560 a

570 1575 700 1619 mind
722 1575 844 1629 truly
865 1574 989 1618 noble
1010 1573 1140 1616 death
1171 1574 1210 1616 is
1231 1578 1309 1616 ‘not
1332 1574 1518 1629 scarsul.
1591 1574 1675 1618 Old
1697 1590 1774 1632 aye
1796 1574 1946 1633 brinys

572 1636 733 1690 sataety
755 1639 801 1690 ο]
822 1634 912 1688 life,
938 1632 1032 1676 and
1053 1632 1153 1675 theu
1173 1648 1281 1675 mem
1303 1633 1340 1675 πὶ»-
1364 1634 1458 1689 ripe
1470 1634 1549 1688 sor
1569 1634 1711 1677 death.

433 1755 493 1803 72
573 1753 796 1797 Omnium
836 1756 1043 1795 aetatum
1085 1755 1238 1794 certus
1274 1755 1345 1794 est
1381 1752 1642 1807 terminus;
1689 1753 1944 1797 senectutis

514 1830 671 1871 autem
714 1824 872 1867 nullus
914 1828 1069 1867 certus
1110 1828 1181 1866 cst
1222 1824 1485 1880 terminus;
1542 1830 1759 1882 recteque
1800 1826 1848 1868 in
1890 1841 1944 1870 ea

514 1899 689 1944 vivitur
709 1897 862 1955 quoad
886 1911 1055 1940 munus
1089 1896 1227 1939 officii
1258 1897 1449 1953 exsequi
1485 1901 1534 1942 et
1569 1897 1692 1942 tueri
1728 1900 1875 1955 possis
1896 1904 1944 1943 et

514 1980 671 2018 tamen
705 1975 904 2014 mortem
939 1975 1251 2014 contemnere.
1320 1970 1392 2014 Ex
1413 1985 1508 2029 quo
1527 1970 1580 2015 fit
1611 1974 1663 2014 ut
1692 1971 1944 2040 anirgosior

514 2048 654 2092 etiam
672 2050 886 2089 senectus
907 2044 983 2097 sit,
1009 2058 1147 2101 quam
1171 2043 1496 2097 adolescentia,
1523 2047 1571 2088 et
1591 2044 1769 2088 fortior.
1837 2045 1943 2092 Hoc

513 2119 630 2164 illud
663 2123 746 2172 est,
772 2116 898 2175 quod
929 2116 1178 2159 Pisistrato
1198 2120 1397 2172 tyranno
1413 2131 1440 2158 a
1463 2115 1633 2160 Solone
1671 2131 1942 2175 responsum
1997 2141 2002 2145 ·

512 2199 585 2239 est
604 2206 748 2251 quum
772 2190 840 2233 illi
857 2189 1116 2248 quaerenti,
1142 2203 1235 2245 qua
1254 2188 1444 2233 tandem
1464 2203 1545 2246 spe
1566 2190 1715 2246 fretus
1735 2191 1825 2235 sibi
1845 2197 1943 2238 tam

513 2267 750 2312 audaciter
771 2265 1034 2323 obsisteret,
1054 2261 1348 2319 respondisse
1370 2261 1565 2309 dicitur:
1582 2262 1820 2310 Semctute.
1849 2265 1943 2311 Sed

515 2339 704 2385 vivendi
725 2342 796 2382 est
819 2337 924 2380 finis
946 2336 1152 2393 optimus
1173 2350 1318 2393 quum
1350 2335 1534 2392 integra
1565 2341 1724 2381 mente
1755 2339 1942 2386 ceteris-,-

516 2428 609 2472 que
630 2410 843 2456 sensibus
879 2423 996 2466 opus
1018 2408 1117 2464 ipsa
1138 2422 1273 2451 suum
1295 2408 1471 2463 eadem,
1496 2422 1619 2467 quae
1653 2416 1986 2484 coagmenta-².

516 2488 601 2541 vit,
626 2489 795 2529 natura
831 2482 1057 2526 dissolvit.
1127 2479 1194 2524 Ut
1229 2494 1410 2536 navem,
1434 2485 1487 2526 ut
1519 2480 1782 2527 oedificium
1798 2464 1943 2531 iden
