2118 2912
721 212 840 245 οΑτο
871 214 1040 244 MAJOR.
1497 208 1551 252 47

142 317 308 375 gladiis
329 320 567 370 utel-etum
589 317 671 361 sed
693 319 902 372 consilio,
926 321 1121 374 ratione,
1145 322 1390 365 sententia.
1427 321 1554 374 Quae

139 393 229 435 nisi
249 394 404 435 essent
423 392 472 434 in
496 392 697 444 senibus,
724 406 819 434 non
841 406 1072 435 summum
1093 394 1335 436 consilium
1355 396 1552 451 majores

94 466 103 474 '
139 466 286 508 nostri
324 464 636 520 appellassent
676 469 901 507 senatum.
988 466 1126 520 Apud
1166 465 1552 510 Lacedaemonios
1573 470 1629 510 20

138 537 326 594 quidem
361 537 410 589 ii,
446 537 527 592 qui
563 535 897 591 amplissimum
939 538 1257 592 magistratum
1292 543 1458 591 gerunt
1500 545 1551 581 ut

137 614 247 653 sunt
268 610 332 652 sic
354 609 493 651 etiam
525 608 829 650 nominantur
850 623 994 651 senes.
1063 609 1196 661 Quod
1231 611 1271 652 si
1302 611 1452 666 legere
1473 616 1552 653 aut

137 683 298 726 audire
318 678 486 725 voletis
508 684 715 734 externa,
735 681 958 723 maximas
980 695 1053 723 res
1073 683 1279 737 publicas
1300 684 1358 726 ab
1378 684 1553 726 adoles-

136 756 350 799 centibus
380 754 643 806 labefactas‚
672 768 699 795 a
719 753 908 796 senibus
928 745 1223 797 *sustentatas
1245 759 1293 798 et
1312 757 1550 799 restitutas

134 828 388 884 reperietis.

137 911 261 967 Cedo,
273 926 350 967 quc
367 913 548 953 vestram
561 923 653 951 ‘rem
662 909 891 964 publicam
906 913 1083 952 tantam
1098 912 1308 953 amisistis
1323 915 1418 954 tam
1433 914 1516 955 cito
1529 913 1551 956 ?

134 999 210 1043 Sic
229 992 354 1042 enim
374 1000 706 1053 percontantur
728 1001 779 1037 ut
800 1000 870 1038 est
891 996 941 1037 in
972 996 1137 1039 Naevii
1170 998 1300 1039 Ludo
1322 1012 1333 1043 :
1364 1013 1548 1054 respon-

133 1071 305 1114 dentur
326 1074 373 1112 et
393 1069 484 1111 alia
504 1072 552 1110 et
572 1067 659 1109 hoc
680 1067 729 1109 in
752 1067 912 1122 primis
930 1082 941 1110 ε

249 1155 566 1211 Provegoiebant
587 1158 780 1198 oratores
800 1155 915 1209 novi,
940 1154 1068 1196 stulti
1089 1155 1407 1200 adolescentuli.

131 1259 388 1306 Temeritas
409 1262 480 1302 est
500 1256 718 1320 videgicet
736 1256 945 1299 florentis
976 1257 1157 1311 aetatis,
1183 1258 1428 1313 prudentia
1447 1275 1550 1304 senr-

131 1333 340 1379 eseentis.

821 1430 934 1474 VII.

131 1553 222 1597 The
241 1565 438 1605 memory
451 1549 544 1592 amd
564 1549 634 1591 the
654 1548 844 1590 intellect
860 1563 936 1590 are
956 1550 1034 1590 ‘not
1054 1547 1275 1602 impaired
1294 1549 1338 1603 {f
1347 1550 1545 1592 studiove

185 1610 330 1654 habits
365 1609 583 1652 continue.
671 1606 908 1661 Examples
948 1606 999 1661 of
1033 1607 1140 1660 “sled
1173 1611 1308 1662 poets,
1356 1612 1538 1662 orators,

179 1668 492 1726 philosopher-3,
535 1666 671 1708 whose
706 1666 905 1718 vigorous
935 1665 1120 1719 pwrsuit
1157 1666 1207 1719 of
1237 1666 1351 1708 their
1385 1668 1545 1709 studies

184 1742 277 1771 was
295 1725 439 1770 coeval
459 1725 567 1769 with
588 1724 702 1766 theia*
720 1724 841 1766 lives.¹

186 1846 249 1888 At
299 1842 522 1905 memoria
570 1841 810 1883 minuitur.
831 1839 1068 1893 -Credo‚
1122 1840 1211 1882 nisi
1262 1855 1362 1883 eam
1413 1855 1540 1884 exer·
1562 1843 1612 1885 21

124 1933 242 1973 ceas,
266 1920 350 1960 aut
369 1916 410 1959 si
437 1916 499 1959 sis
529 1919 699 1958 natura
728 1913 916 1956 tardior.
984 1913 1315 1956 Themistocles
1336 1915 1539 1957 omnium

123 1991 296 2036 civium
335 1991 605 2049 perceperat
632 1986 853 2029 nomina:
886 2000 1000 2027 num
1033 1986 1175 2040 igitur
1211 1987 1407 2028 censetis
1435 2002 1537 2029 eum

121 2078 267 2123 quum
296 2065 450 2106 aetate
482 2060 791 2117 processisset,
817 2059 900 2115 qui
922 2058 1150 2100 Aristides
1183 2063 1303 2101 esset
1335 2059 1538 2114 Lysima-

121 2138 260 2182 chum
282 2136 484 2179 salutare
505 2133 724 2176 solitum?
785 2132 1015 2188 Equidem
1038 2146 1131 2173 non
1155 2132 1291 2174 modo
1314 2147 1391 2175 eos
1411 2133 1532 2186 novi,

119 2211 203 2271 qui
222 2212 334 2254 sunt
351 2225 362 2262 ;
393 2207 476 2252 sed
495 2221 654 2250 eorum
676 2210 830 2261 patres
851 2205 989 2246 etiam
1015 2208 1061 2246 et
1081 2218 1202 2247 avos
1268 2204 1315 2246 N
1318 2219 1368 2247 ec
1389 2206 1538 2261 sepul-

79 2283 84 2291 '
119 2298 198 2328 era
208 2275 367 2339 legens
382 2293 546 2324 vereor
559 2278 685 2336 quod
705 2278 838 2320 aiunt
859 2291 920 2318 ne
941 2276 1209 2318 memoriam
1230 2276 1441 2331 perdam;
1465 2276 1538 2319 his

118 2355 245 2401 enim
274 2354 388 2413 ipsis
422 2351 633 2409 legendis
668 2350 718 2393 in
756 2349 1026 2392 memoriam
1056 2347 1196 2390 redeo
1230 2353 1530 2392 mortuorum.

116 2427 219 2475 Nee
237 2440 351 2472 vero
373 2436 655 2485 quemquam
685 2435 850 2466 senum
884 2419 1044 2463 audivi
1078 2419 1291 2474 oblitum,
1315 2434 1409 2477 quo
1437 2420 1537 2463 loco

117 2501 388 2562 thesaurum
418 2495 661 2558 obruisset.
729 2493 912 2546 Omnia,
948 2507 1067 2550 quae
1099 2495 1278 2546 curant,
1316 2492 1536 2536 memine-
