2118 2912
641 216 696 257 413
1150 229 1268 261 cuo
1300 229 1475 263 auson.

638 337 884 394 ceteraque
903 337 1175 394 gravissime
1196 351 1205 379 :
1238 340 1404 379 notum
1441 336 1566 380 enim
1597 334 1731 380 vobis
1760 349 1948 382 carmen
1966 338 2070 393 eet}
2092 327 2094 335 λ

639 412 687 451 et
722 412 881 452 tamen
914 410 1061 466 ipsius
1089 408 1226 465 Appii
1249 411 1402 451 exstat
1424 409 1590 454 oratio.
1656 409 1814 466 Atque
1843 408 1960 454 haec
1987 408 2071 455 illo

639 480 732 535 egit
753 485 931 537 septem
954 486 1002 525 et
1023 482 1184 525 decem
1205 480 1341 523 annis
1371 485 1478 536 post
1514 481 1715 524 alterum
1751 482 2063 538 consulatum,

637 568 782 610 quum
804 554 930 597 inter
951 554 1068 597 duos
1096 553 1364 596 consulatus
1400 553 1512 596 anni
1549 554 1708 597 decem
1743 554 2071 600 interfuissent

639 641 893 684 censorque
914 632 1024 670 ante
1046 627 1333 683 superiorem
1354 626 1647 669 consulatum
1668 627 1836 670 fuisset
1856 643 1866 678 ;
1898 641 1956 671 ex
1975 641 2070 686 quo
2084 652 2093 658 ·

638 699 920 755 intelligitur
942 700 1113 756 Pyrrhi
1133 699 1254 742 bello
1277 699 1499 755 grandem
1517 713 1628 742 sane
1644 700 1789 742 fuisse
1810 715 1820 752 ;
1842 703 1890 743 et
1910 702 2071 745 tamen

564 773 616 817 17
639 772 704 814 sic
724 788 751 814 a
772 773 982 828 patribus
1004 772 1278 828 accepimus.
1346 771 1478 814 Nihil
1511 772 1655 827 igitur
1674 771 1892 826 afferunt,
1916 772 1999 829 qui
2020 772 2070 817 in

639 860 689 888 re
708 846 913 901 gerenda
932 844 1106 888 versari
1129 848 1415 888 senectutem
1448 849 1634 899 negant,
1661 844 1928 902 similesque
1958 849 2072 890 sunt

639 922 691 960 ut
713 919 752 961 si
773 919 854 975 qui
874 919 1234 974 gubernatorem
1251 919 1300 959 in
1318 917 1580 973 navigando
1603 917 1722 960 nihil
1742 932 1880 974 agere
1893 918 2084 972 dicant‚.

639 1007 782 1048 quum
815 992 894 1034 alii
927 991 1072 1034 malos
1105 990 1344 1044 scandant,
1372 991 1452 1033 alii
1486 1005 1570 1047 per
1602 991 1729 1034 foros
1761 994 1963 1046 eumont,
1989 988 2072 1035 alii

640 1065 871 1107 sentinam
893 1064 1172 1107 exhauriant
1189 1079 1201 1116 ;
1233 1063 1313 1106 ille
1333 1060 1532 1120 [autem]
1552 1062 1734 1106 clavum
1756 1067 1922 1106 tenens
1942 1063 2080 1120 quie-.-

640 1144 716 1181 tus
738 1139 898 1182 sedeat
927 1139 977 1181 in
999 1138 1157 1195 puppi.
1225 1136 1335 1180 Non
1369 1137 1482 1180 facit
1515 1153 1583 1193 ea,
1609 1151 1728 1194 quae
1763 1138 1990 1194 juvenes:
2022 1140 2093 1181 at·

640 1227 751 1256 vero
771 1213 921 1255 multo
942 1212 1123 1267 majora
1142 1216 1191 1255 et
1222 1211 1416 1254 meliora
1446 1211 1570 1254 facit.
1637 1210 1749 1254 Non
1778 1210 1959 1254 viribus
1988 1212 2089 1254 aut-

640 1286 966 1330 velocitatibus
987 1291 1068 1328 aut
1102 1285 1342 1328 celeritate
1375 1298 1628 1340 corporum·
1658 1298 1732 1327 res
1765 1298 1959 1340 magnae
1993 1298 2071 1340 ge·

638 1363 821 1413 runtur,
848 1358 930 1402 sed
952 1357 1161 1410 consilio,
1178 1357 1472 1410 auctoritate,
1500 1357 1735 1400 sententia
1753 1371 1763 1400 ε
1785 1356 1958 1414 quibus
1977 1370 2074 1400 non

566 1435 621 1477 18
642 1433 781 1476 modo
801 1447 898 1475 non
919 1431 1088 1496 orb-ari,
1115 1430 1197 1474 sed
1219 1430 1360 1473 etiam
1381 1430 1538 1485 augeri
1561 1433 1776 1473 senectus
1797 1428 1928 1472 solet.
1967 1428 2083 1485 Nisi

641 1507 763 1549 forte
785 1519 870 1560 ego
891 1504 1037 1556 vobis,
1065 1504 1142 1560 qui
1169 1507 1215 1546 et
1245 1502 1378 1545 miles
1400 1507 1448 1545 et
1479 1502 1697 1545 tribunus
1732 1506 1785 1548 et,
1814 1501 1994 1559 legatus
2025 1505 2079 1547 et·

642 1577 803 1622 consul
824 1582 1034 1619 versatus
1056 1590 1159 1618 sum
1181 1576 1231 1617 in
1262 1574 1391 1617 vario
1422 1589 1592 1631 genere
1624 1574 1871 1630 bellorum,
1894 1587 2079 1619 cessam

641 1667 766 1695 nunc
788 1651 964 1704 videor,
985 1664 1131 1706 quum
1153 1648 1277 1692 bella
1306 1661 1403 1691 non
1433 1663 1554 1704 gero.
1623 1650 1688 1691 At
1730 1648 1931 1704 senatui,
1953 1631 2074 1706 q—ffae

642 1725 737 1768 sint
757 1723 973 1781 gerenda,
1000 1723 1263 1779 praescribo
1283 1728 1332 1764 et
1352 1721 1585 1778 quomodo
1604 1736 1614 1764 t
1650 1720 1934 1778 Karthagini
1954 1720 2082 1767 maloi

643 1800 738 1855 jam
760 1797 840 1840 diu
863 1796 1087 1853 cogitanti
1111 1794 1286 1839 bellum
1304 1793 1585 1857 multe-offlte
1607 1794 1837 1838 denuntio
1852 1810 1866 1847 ς
1899 1793 1958 1838 de
1979 1808 2043 1852 qu
2068 1847 2074 1850 ¹

643 1871 793 1915 vereri
814 1885 908 1913 non
931 1874 1040 1912 ante
1059 1869 1282 1930 desi-pam,
1309 1881 1449 1924 quam
1470 1867 1596 1910 illam
1630 1867 1830 1930 excigam
1853 1863 1952 1932 esse
1971 1881 2075 1925 cog-

568 1947 622 1989 19
643 1958 829 1988 novero,
884 1942 1033 1995 Quam
1056 1941 1257 1998 palmam
1280 1941 1462 1984 utinam
1483 1940 1550 1984 dii
1571 1940 1870 1995 immortales,
1899 1941 2088 1999 Scipio„

643 2018 731 2061 tibi
767 2019 1025 2070 reservent,
1064 2019 1117 2058 ut
1150 2014 1226 2058 avi
1262 2013 1484 2075 reltias
1519 2016 1830 2071 persequare!
1875 2013 2012 2072 cujus
2044 2027 2086 2062 af

644 2095 795 2134 morte
816 2082 994 2132 tertius
1007 2088 1083 2131 hic
1105 2092 1154 2131 et
1173 2087 1440 2131 tricesimus*
1457 2101 1609 2130 annus
1631 2091 1703 2130 est
1723 2103 1732 2131 ε
1765 2086 1848 2130 sed
1878 2100 2082 2149 mem.

644 2166 735 2209 iam
757 2164 884 2207 illius
907 2179 933 2205 v
938 2163 993 2205 iri
1016 2177 1176 2205 omnes
1198 2161 1433 2221 excipient
1453 2161 1566 2204 anni
1587 2164 1940 2222 consequentem
1957 2154 2074 2207 ‘An-

643 2254 704 2282 no
736 2242 846 2281 ante
876 2251 950 2279 me
982 2250 1219 2279 censorem
1253 2238 1464 2278 mortuus
1485 2238 1571 2289 est,
1606 2248 1776 2279 novem
1796 2234 1933 2278 annis
1966 2231 2076 2299 post

646 2325 801 2355 meum
841 2309 1151 2363 consulatum,
1191 2322 1335 2365 quum
1371 2306 1534 2351 consul
1565 2307 1738 2351 iterum
1774 2321 1848 2351 me
1883 2304 2082 2358 consule

644 2388 827 2429 creatus
849 2387 983 2426 esset.
1053 2382 1178 2424 Num
1209 2381 1368 2438 igitur,
1394 2380 1433 2424 si
1468 2379 1549 2424 ad·
1560 2379 1868 2429 centenimum
1898 2380 2083 2430 m

645 2458 853 2511 vixisset,
878 2455 1133 2500 senectutis
1153 2469 1261 2499 eum
1281 2469 1391 2498 suae
1421 2453 1720 2511 poenita-tv
1746 2466 1833 2498 neo
1852 2443 2086 2525 ῳζῗβζμιε

644 2530 859 2575 cursione
894 2542 982 2571 nec
1015 2526 1141 2571 saltu
1175 2540 1265 2571 nec
1300 2526 1485 2570 eminus
1520 2523 1671 2570 hasti·
1700 2528 1788 2571 aut
1816 2512 2091 2578 comui
