2118 2912
770 238 886 269 ono
917 238 1087 269 MAJOR.
1544 229 1604 273 59

189 341 436 395 peteretur,
462 337 679 398 quodque
698 326 854 397 spreta.
883 345 931 385 et
965 326 1230 398 contempta
1263 342 1499 399 voluptate
1522 359 1596 402 op-
1620 348 1677 388 44

190 411 332 454 timus
352 411 549 468 quisque
570 415 852 470 sequeretur.
920 412 1149 466 Quorsum
1181 414 1322 469 igitur
1338 419 1432 458 tam
1455 417 1601 460 multa

189 483 246 526 de
283 482 554 539 voluptate?
583 484 693 541 quia
726 499 820 527 non
848 484 985 527 modo
1021 485 1300 540 vituperatio
1337 487 1478 541 nulla,
1516 488 1598 532 sed

190 556 328 598 etiam
363 570 541 599 summa
579 556 679 600 laus
714 557 966 599 senectutis
1000 562 1084 611 est,
1110 559 1232 614 quod
1266 574 1318 601 ea
1340 559 1600 615 voluptates

189 629 338 671 nullas
358 643 523 684 magno
545 643 682 684 opere
703 629 947 672 desiderat.
1005 630 1069 672 At
1086 635 1210 673 caret
1233 631 1379 687 epulis
1402 637 1601 677 exstruc-

189 702 340 758 tisque
379 701 549 744 mensis
590 706 637 744 et
676 703 999 759 frequentibus
1041 703 1228 758 poculis.
1311 704 1449 747 Caret
1491 687 1597 761 {rgo

190 773 329 816 etiam
351 774 607 834 vinolentia
629 778 675 816 et
697 774 924 838 crud-itate
957 779 1003 816 et
1034 774 1287 839 insomniis.
1357 776 1447 819 Sed
1469 777 1507 819 si
1530 778 1607 819 ali-

189 845 301 902 quid
343 846 548 888 dandum
585 850 655 888 est
688 846 931 902 voluptati,
971 847 1190 903 quoniam
1227 848 1328 903 ejus
1364 848 1603 916 blanditiis

190 933 283 961 non
303 919 437 962 facile
459 919 737 971 obsistimus,
766 919 923 962 divine
953 919 1076 962 enirn
1113 920 1248 962 Plato
1285 935 1432 980 esqam
1464 922 1601 964 malo·
1644 937 1647 940 ’

196 1007 298 1035 rum
334 992 535 1047 appellat
572 991 875 1047 voluptatem,
903 992 1026 1048 quod
1063 1007 1116 1034 ea
1151 993 1367 1036 videlicet
1403 994 1611 1037 homines

192 1063 433 1119 capiantur
474 1067 526 1105 ut
566 1063 702 1126 hagno
745 1064 918 1119 pisces:
977 1078 1254 1120 quamquain
1297 1065 1610 1110 immoderatis

190 1135 338 1191 epulis
369 1138 492 1177 caret
530 1139 755 1188 senectus,
782 1135 972 1177 modieis
1005 1139 1160 1178 tamen
1198 1137 1421 1179 conviviis
1458 1143 1607 1194 potest

191 1207 421 1250 delectari.
490 1206 538 1250 C.
566 1206 774 1249 Duilium
819 1206 882 1250 M.
911 1206 982 1260 F„
1010 1207 1091 1263 qui
1123 1207 1303 1250 Poenos
1337 1209 1478 1252 classe
1516 1211 1604 1266 pri-

192 1294 294 1322 mus
330 1279 574 1332 devicerat,
602 1279 871 1322 redeuntem
902 1294 929 1322 a
950 1294 1091 1346 coena
1128 1295 1282 1323 sonem
1314 1296 1447 1337 saepe
1486 1283 1608 1326 vide-

190 1352 294 1395 bam
315 1364 430 1407 puer
450 1366 460 1402 ;
491 1350 806 1393 delectabatur
828 1351 988 1394 crebro
1019 1352 1166 1415 fun-ali
1190 1357 1235 1394 et
1259 1353 1461 1415 tibicine,
1491 1369 1607 1410 quae

194 1425 282 1468 sibi
305 1423 433 1466 nullo
456 1423 664 1478 exemplo
702 1423 911 1479 privatus
946 1427 1206 1479 sumpserat
1226 1439 1234 1467 z
1269 1428 1451 1467 tantum
1473 1426 1611 1469 licen-

191 1498 286 1541 tiae
307 1496 447 1539 dabat
467 1495 640 1551 gloria!
704 1494 795 1538 Sed
831 1494 944 1550 quid
973 1509 1056 1550 ego
1079 1495 1229 1538 alios?
1258 1496 1313 1538 ad
1350 1511 1422 1540 me
1456 1498 1602 1553 ipsum
1632 1500 1683 1540 15

192 1573 286 1629 jam
308 1573 524 1612 revertar.
592 1567 802 1610 Primum
833 1568 975 1610 habui
1007 1583 1188 1623 semper
1209 1569 1398 1631 sodales.
1468 1570 1607 1613 Soda⁴

191 1644 347 1686 lit-ates
382 1644 537 1683 autom
573 1655 646 1683 me
682 1644 925 1696 quaestore
977 1641 1258 1683 constitutae
1308 1646 1433 1694 sunt,
1472 1644 1609 1709 sacris

192 1715 345 1759 Idaeis
376 1713 570 1767 Magnae
595 1711 763 1754 Matris
784 1711 992 1767 aceeptis.
1062 1712 1297 1767 Epulabar
1330 1713 1472 1768 igitur
1508 1729 1611 1757 cum

194 1787 426 1831 sodalibus
448 1785 636 1827 omnino
660 1783 848 1836 modice,
876 1784 956 1826 sed
979 1787 1078 1826 erat
1106 1784 1294 1840 quidam
1317 1786 1470 1833 fervor
1491 1790 1609 1829 aeta-

193 1861 283 1912 tis;
315 1873 406 1915 qua
426 1855 749 1913 progrediente
772 1856 926 1898 omnia
946 1855 1064 1898 fiunt
1087 1857 1135 1898 in
1158 1856 1254 1899 dies
1277 1857 1473 1900 mitiora.
1518 1858 1628 1919 NO-u,

193 1947 284 1989 que
304 1931 428 1974 enim
448 1930 650 1985 ipsorum
673 1928 986 1970 conviviorum
1018 1928 1371 1971 delectationem
1396 1930 1602 1985 volupta-
1634 1973 1638 1988 ι

195 2005 319 2046 tibus
340 2018 404 2045 co·
406 2002 541 2057 poris
562 2001 719 2056 magis»,
746 2014 885 2056 quam
907 2003 1041 2043 coetu
1063 2000 1326 2042 amicorum.
1336 2007 1381 2043 et
1402 1992 1637 2044 &elmon1

194 2076 298 2118 ibus
319 2074 555 2132 Q.
622 2072 752 2115 Bene
786 2072 910 2114 enim
949 2072 1146 2127 majores
1184 2073 1329 2114 nostri
1362 2073 1606 2115 accubitio

196 2162 302 2191 nem
325 2146 557 2203 epularem
577 2144 828 2188 amicorum
851 2143 962 2200 quia
982 2145 1104 2186 vitae
1136 2144 1510 2211 conjunctionem
1532 2146 1609 2187 ha-

195 2222 327 2263 beret
360 2217 624 2262 convivium
656 2217 988 2267 nominarunt;
1036 2215 1217 2269 melius,
1258 2231 1396 2272 quam
1433 2217 1610 2271 Graeci,

195 2290 277 2348 qui
295 2290 383 2333 hoc
403 2289 527 2332 idem
547 2291 649 2331 tum
670 2287 1071 2343 compotationem‚
1091 2290 1191 2329 tum
1214 2288 1617 2330 concoenationem

198 2365 364 2405 vocant
383 2376 393 2405 z
425 2364 477 2403 ut
497 2359 623 2418 quod
644 2359 692 2402 in
715 2374 770 2403 eo
790 2373 958 2416 genere
978 2357 1226 2402 minimum
1247 2361 1331 2413 est,
1358 2359 1404 2401 id
1422 2360 1619 2403 maxime

188 2434 392 2492 ‘probare
413 2431 674 2476 videantur.
856 2462 875 2474 .

295 2543 331 2562 Ο
