2118 2912
754 211 872 243 citro
902 211 1070 242 MAJoR.
1515 195 1589 250 ’75

169 333 220 375 in
240 335 427 388 terram,
451 330 605 375 locum
634 332 819 383 divinae
855 336 1048 373 naturae
1084 331 1443 388 aeternitatique
1480 348 1586 376 con-

169 406 375 449 trarium.
443 404 535 449 Sed
555 404 692 447 credo
722 403 847 447 Deos
867 403 1149 445 immortales
1172 404 1389 459 sparsisse
1409 406 1586 450 animos

169 480 218 522 in
239 493 429 534 corpora
448 479 664 530 humana,
691 481 742 519 ut
764 479 933 528 essent,
950 477 1029 532 qui
1053 480 1198 518 terras
1220 481 1466 544 tuergntur
1486 480 1584 535 qui-

167 567 258 609 que
297 552 563 595 caelestium
614 550 823 592 ordinem
873 550 1239 604 contemplantes
1290 551 1587 595 imitarentur

169 641 274 669 eum
295 626 419 668 vit-ae
440 625 577 667 modo
598 628 737 679 atque
759 622 1030 665 constantia.
1079 622 1178 664 Nec
1200 638 1272 666 me
1294 624 1440 666 solum
1467 626 1584 678 ratio

167 713 219 741 ac
254 697 507 753 disputatio
548 695 734 751 impulit
755 699 807 736 ut
845 695 909 736 ita
945 695 1180 737 crederem
1194 711 1203 746 ;
1252 696 1333 738 sed
1366 698 1586 740 nobilitas

141 819 144 822 ,
168 770 307 813 etiam
328 783 612 812 summorum
631 766 1010 823 philosophorum
1034 770 1081 809 et
1102 769 1363 811 auctoritas.
1411 769 1579 811 Audie-
1605 770 1660 816 78

167 843 273 885 bam
310 841 620 896 Pythagoram
654 837 1060 893 Pythagoreosque
1098 838 1268 879 incolas
1304 853 1450 893 paene
1482 854 1583 882 nos-

167 919 278 968 tros,
304 914 383 970 qui
416 909 568 955 essent
591 910 744 953 Italici
766 910 1030 965 philosophi
1065 910 1298 966 quondam
1337 912 1581 966 nominati,

167 1001 404 1042 nunquam
427 984 674 1037 dubitasse,
702 983 816 1038 quin
835 997 890 1025 ex
916 982 1129 1024 universa
1152 988 1308 1025 mente
1330 983 1489 1027 divina
1509 985 1584 1027 de-

166 1061 333 1124 libatos
354 1059 530 1102 animos
546 1057 844 1122 haberemus:
868 1055 1307 1098 demonstrabantur
1323 1057 1435 1099 mihi
1459 1072 1586 1112 prae-

166 1139 308 1185 terea,
329 1147 447 1188 quae
469 1131 679 1173 Socrates
696 1143 911 1185 supremo
934 1128 1054 1171 vitae
1072 1128 1147 1171 die
1165 1129 1221 1171 de
1239 1130 1586 1173 immortalitate

166 1207 426 1250 animorum
448 1203 752 1255 disseruisset,
788 1202 840 1254 is,
868 1201 948 1257 qui
972 1205 1092 1244 esset
1114 1202 1319 1243 omnium
1343 1204 1584 1258 sapientis—

167 1280 309 1323 simus
346 1277 529 1320 oraculo
566 1275 795 1331 Apollinis
829 1274 1074 1331 judicatus.
1144 1274 1264 1326 Quid
1304 1275 1481 1318 mult-a?
1523 1277 1586 1318 sic

167 1352 280 1394 mihi
312 1349 531 1407 persuasi,
570 1348 634 1390 sic
670 1348 847 1390 sentio:
891 1361 1032 1402 quum
1071 1351 1203 1389 tanta
1244 1347 1452 1390 celeritas
1490 1349 1583 1390 ani-

166 1438 345 1467 morum
369 1423 443 1476 sit,
462 1425 593 1464 tanta
607 1420 826 1462 memoria
848 1419 1205 1475 praeteritorum
1222 1419 1581 1477 futurorumque

166 1495 429 1554 prudentia,
454 1498 527 1536 tot
547 1497 669 1536 artes
690 1496 848 1535 tantae
879 1492 1112 1543 scientiae,
1139 1496 1210 1534 tot
1241 1493 1457 1544 inventa3
1490 1508 1580 1535 non

166 1585 298 1627 posse
320 1583 419 1612 eam
442 1571 672 1619 naturam,
698 1579 816 1621 quae
848 1579 919 1607 res
956 1579 1032 1607 eas
1066 1565 1318 1628 contineat,
1346 1580 1445 1608 esse
1466 1581 1584 1608 mor-

167 1643 334 1687 talem:
368 1654 604 1698 quumque
622 1653 803 1694 semper
824 1638 1026 1693 agitetur
1047 1638 1229 1680 animus
1266 1653 1351 1680 nec
1388 1639 1585 1698 princip-

166 1718 261 1760 ium
285 1720 437 1757 motus
458 1714 640 1762 habeat,
668 1712 777 1769 quia
797 1712 846 1755 se
878 1712 975 1767 ipse
998 1716 1180 1754 moveat
1204 1727 1213 1762 ;
1246 1726 1304 1754 ne
1326 1712 1461 1754 finem
1486 1714 1585 1768 qui·

166 1790 272 1832 dein
293 1787 566 1830 habiturum
589 1799 686 1828 esse
707 1788 859 1826 motus
895 1784 1004 1840 quia
1041 1798 1279 1839 nunquam
1309 1800 1355 1827 se
1392 1786 1488 1840 ipse
1525 1787 1582 1827 sit

164 1861 433 1903 relicturus:
467 1861 514 1900 et
535 1870 678 1912 quum
700 1856 895 1910 simplex
931 1855 1072 1897 animi
1105 1863 1271 1898 natura
1293 1862 1412 1898 esset
1434 1872 1584 1912 neque

165 1933 357 1976 haberet
378 1931 428 1972 in
449 1944 496 1971 se
517 1928 770 1985 quidquam
790 1927 1050 1970 admixtum
1073 1928 1228 1993 disp—ar
1248 1929 1320 1970 sui
1337 1934 1477 1985 atque
1494 1931 1581 1972 dis-

167 2005 315 2049 simile
335 2017 431 2046 non
453 2017 584 2058 posse
605 2015 711 2043 eum
733 2000 906 2043 dividi:
937 2001 1062 2057 quod
1099 2002 1136 2043 si
1174 2016 1266 2044 non
1306 2003 1451 2057 possit
1489 2018 1580 2045 non

167 2093 297 2135 posse
337 2076 550 2119 interire:
605 2087 862 2129 magnoque
904 2088 1001 2116 esse
1041 2082 1326 2129 argumento,
1375 2075 1584 2118 homines

151 2151 280 2195 scire
302 2149 520 2205 pleraque
553 2146 676 2199 ante,
701 2160 838 2202 quam
871 2146 969 2188 nati
1003 2146 1112 2199 sint,
1138 2147 1261 2202 quod
1298 2147 1392 2202 jam
1430 2148 1575 2202 pueri,

164 2237 309 2282 quum
330 2224 453 2264 artes
475 2217 680 2261 difficiles
703 2218 894 2271 discant,
922 2218 988 2260 ita
1018 2218 1230 2261 celeriter
1252 2233 1323 2260 res
1342 2219 1576 2262 innumer-

165 2297 310 2341 abiles
330 2293 569 2349 arripiant,
597 2294 650 2333 ut
672 2305 748 2333 eas
768 2304 863 2332 non
884 2295 985 2332 tum
1007 2291 1206 2345 primum
1229 2291 1434 2346 accipere
1455 2292 1577 2335 vide—

163 2373 319 2419 antur,
345 2366 427 2410 sed
446 2363 679 2408 reminisci
702 2368 749 2407 et
770 2363 1014 2407 recordari.
1084 2363 1212 2407 Haec
1235 2360 1446 2407 Platonis
1467 2365 1575 2408 fere.
