2118 2912
727 209 844 239 eA'ro
876 209 1047 240 MAJOR.
1504 194 1560 243 ‘65

143 314 224 355 ent
259 326 435 367 aurum,
461 313 701 369 imperare.
769 313 1022 356 Poteratne
1057 316 1217 356 tantus
1252 314 1433 358 animus
1469 332 1562 359 non

143 383 320 428 efficere
340 385 593 440 jucundam
611 388 896 428 senectutem
913 386 931 428 ’ἐ
973 386 1065 428 Sed
1088 388 1223 430 venio
1244 387 1303 429 ad
1324 388 1558 443 agricolas,

139 470 200 499 ne
219 471 248 498 a
269 471 342 499 me
363 457 462 511 ipso
484 457 706 499 recedam.
774 456 834 499 In
855 457 976 512 agris
1009 462 1142 500 erant
1173 462 1271 500 tum
1311 464 1557 512 senatores,

138 526 188 570 id
218 532 300 580 est,
328 543 487 572 senes:
521 529 749 585 siquidem
771 529 922 570 aranti
952 528 1002 582 L,
1032 528 1249 580 Quinctio
1282 530 1556 573 Cincinnato

138 600 405 642 nuntiatum
429 603 512 654 est,
535 615 639 642 eum
657 600 931 642 dictatorem
954 615 1050 642 esse
1072 602 1247 643 factum
1267 617 1276 645 :
1310 604 1442 657 cujus
1464 603 1554 645 dic-

137 674 301 715 tatoris
322 673 453 728 jussu
487 673 704 728 magister
726 673 936 728 equitum
967 672 1014 715 O.
1045 672 1268 716 Servilius
1290 675 1440 716 Ahala
1472 675 1546 730 Sp.

137 743 357 785 Maelium
382 757 576 797 regnum
596 746 893 801 appetentem
922 749 1191 798 occupatum
1216 745 1463 803 interemit.
1513 746 1554 788 A

137 814 250 856 villa
270 814 317 856 in
336 820 496 856 senatu
505 829 544 855 m
561 814 910 856 arcessebantur
926 818 972 856 et
994 814 1160 857 Curius
1175 820 1220 857 et
1234 817 1375 858 ceteri
1392 831 1522 859 senes
1543 833 1552 860 :

137 900 193 928 ex
214 901 305 943 quo
327 886 410 942 qui
425 901 499 928 eos
520 886 810 928 arcessebant
830 887 1015 927 viatores
1037 887 1262 929 nominati
1279 891 1399 930 sunt.
1429 889 1554 930 Num

136 958 280 1014 igitur
298 958 462 1000 horum
494 962 706 1001 senectus
738 958 1010 1000 miserabilis
1042 958 1144 1008 fuit,
1173 960 1252 1014 qui
1275 974 1322 1001 se
1343 961 1436 1014 agri
1462 961 1554 1002 cul-

135 1031 261 1074 tione
282 1029 607 1072 oblectabant?
667 1029 776 1072 Mea
807 1029 996 1085 quidem
1031 1031 1266 1073 sententia
1299 1032 1423 1074 haud
1459 1033 1553 1074 seio

135 1118 196 1147 an
216 1103 310 1146 ulla
330 1104 509 1146 beatior
539 1102 683 1157 possit
714 1116 843 1145 esse:
878 1116 1029 1158 neque
1063 1103 1211 1144 solum
1246 1104 1405 1156 officio,
1429 1105 1553 1160 quod

135 1176 373 1218 hominum
396 1174 551 1229 generi
576 1174 786 1216 universo
805 1173 986 1215 cultura
999 1188 1213 1227 agrorum
1231 1180 1299 1217 est
1317 1175 1545 1230 salutaris,

136 1248 216 1292 sed
238 1257 284 1290 et
305 1246 627 1298 delectatione,
652 1260 790 1302 quam
822 1246 932 1295 dixi,
968 1250 1016 1289 et
1048 1249 1293 1290 saturitate
1330 1249 1551 1304 copiaque

136 1335 290 1364 rerum
312 1319 529 1372 omnium,
557 1332 675 1374 quae
706 1318 764 1360 ad
803 1318 975 1378 victum
1006 1317 1262 1372 hominum,
1287 1319 1346 1362 ad
1376 1320 1553 1378 cultum

136 1393 275 1436 etiam
296 1392 499 1435 Deorum
520 1391 758 1446 pertinent
781 1405 791 1440 ;
822 1394 875 1432 ut
897 1390 1116 1446 quoniam
1138 1391 1249 1434 haec
1266 1392 1455 1448 quidam
1476 1393 1554 1435 de-

136 1465 355 1519 siderant,
398 1464 448 1506 in
487 1464 681 1518 gratiam
721 1463 817 1518 jam
858 1477 964 1505 cum
1007 1463 1246 1519 voluptate
1296 1465 1551 1508 redeamus.

137 1539 327 1593 Semper
359 1537 481 1579 enim
509 1535 620 1578 boni
654 1535 917 1591 assiduique
949 1534 1126 1578 domini
1157 1538 1328 1579 referta
1351 1537 1465 1597 cella
1487 1538 1551 1580 vi-

135 1610 278 1663 naria,
304 1608 484 1655 olearia,
512 1608 649 1650 etiam
672 1607 861 1662 penaria
881 1610 966 1659 est,
992 1607 1193 1663 villaque
1221 1613 1320 1651 tota
1350 1609 1553 1665 locuples

136 1685 236 1727 est:
266 1680 471 1734 abunda-t
507 1693 657 1734 porco,
684 1679 845 1732 haedo,
872 1693 1006 1734 agno,
1030 1680 1214 1735 gallina,
1247 1681 1380 1735 lacte,
1404 1695 1547 1735 casem

134 1753 283 1796 melle.
349 1752 458 1795 Jam
479 1752 667 1794 hortum
700 1751 789 1807 ipsi
821 1751 1046 1806 agricolae
1081 1752 1330 1816 succ-igliam
1360 1753 1552 1796 alteram

134 1825 382 1882 appellant.
449 1823 720 1867 Conditiora
754 1824 864 1866 facit
899 1823 1013 1866 haec
1047 1826 1375 1879 supervacanei
1412 1826 1551 1868 etiam

135 1899 286 1956 operis
323 1897 571 1957 aucupium
609 1899 750 1953 atque
785 1896 984 1954 venatio.
1065 1896 1189 1949 Quid
1223 1897 1282 1940 de
1314 1901 1551 1953 pratorum
1574 1900 1626 1945 57

135 1970 371 2015 viriditate
394 1972 476 2012 aut
496 1968 711 2011 arborum
733 1968 974 2011 ordinibus
995 1973 1076 2011 aut
1097 1970 1337 2012 vincarum
1360 1970 1550 2012 oliveto—

134 2033 296 2085 rumve
335 2041 486 2096 specie
526 2039 707 2082 dicam?
765 2039 907 2082 Brevi
947 2040 1204 2095 praecidam
1226 2055 1236 2085 ε
1288 2055 1398 2095 agro
1433 2041 1552 2084 bene

134 2112 260 2158 culto
280 2113 397 2156 nihil
427 2115 582 2168 potest
612 2125 711 2155 esse
730 2125 816 2155 nec
840 2127 924 2155 usu
960 2113 1147 2155 uberius
1180 2128 1266 2156 nec
1298 2114 1448 2169 specie
1483 2129 1550 2157 or-

133 2185 319 2228 natius:
351 2185 409 2227 ad
440 2198 579 2241 quem
614 2183 863 2226 fruendum
900 2198 994 2227 non
1027 2185 1165 2227 modo
1199 2200 1292 2228 non
1330 2186 1546 2239 retardat,

134 2271 295 2300 verum
315 2257 455 2299 etiam
476 2256 646 2298 invitat
666 2260 806 2312 atque
827 2255 1013 2299 allectat
1035 2261 1258 2300 senectus.
1312 2257 1405 2301 Ubi
1429 2258 1551 2300 enim

136 2331 292 2384 potest
311 2327 392 2371 illa
406 2330 532 2371 aetas
553 2332 634 2370 aut
657 2328 879 2370 calescere
899 2328 970 2371 vel
991 2329 1275 2391 apricatione
1296 2329 1461 2372 melius
1484 2329 1555 2372 vel

133 2399 246 2457 igni,
269 2403 352 2444 aut
369 2398 573 2465 vicigsim
593 2400 769 2442 umbris
789 2399 979 2456 aquisve
1001 2401 1263 2457 refrigerari
1294 2401 1557 2444 salubrius?

136 2470 235 2514 ’ἒίΒί
268 2469 414 2527 igitur
441 2470 643 2514 habeant
677 2484 815 2522 arma,
843 2471 934 2514 sibi
965 2486 1122 2529 equos,
1147 2472 1236 2515 sibi
1273 2471 1443 2526 hastas,
1469 2473 1554 2514 sibi
1578 2473 1634 2514 58

818 2565 847 2606 5
