2118 2912
386 1699 415 1743 3

445 257 504 301 38
953 271 1075 304 ouo
1106 273 1279 304 mson.

444 375 570 420 Novi
609 376 736 421 enim
775 377 1145 422 moderationem
1190 380 1335 422 animi
1382 378 1454 423 tui
1483 381 1534 424 et
1565 377 1867 438 aequitatem,

444 455 584 507 teque
618 465 711 494 non
749 466 1004 507 cognomen
1046 452 1196 495 solum
1231 452 1432 495 Athenis
1466 451 1749 509 deportasse,
1789 451 1871 496 sed

442 523 781 567 humanitatem
820 530 867 567 et
900 525 1198 581 prudentiam
1236 526 1460 581 intelligo.
1528 525 1592 569 Et
1626 530 1783 569 tamen
1823 529 1871 570 te

440 598 649 654 suspicor
690 598 865 642 eisdem
907 599 1058 652 rebus,
1101 600 1271 656 quibus
1307 614 1380 643 me
1423 600 1592 656 ipsum,
1630 598 1870 643 interdum

441 672 625 724 gravius
648 673 926 714 commoveri
952 688 962 723 ;
993 687 1190 729 quarum
1213 672 1467 715 consolatio
1488 677 1534 716 et
1557 673 1707 729 major
1729 677 1800 715 est
1822 676 1871 715 et

440 744 489 786 in
524 745 650 786 aliud
690 749 873 799 tempus
910 744 1176 787 differenda.
1245 744 1290 787 N
1296 760 1384 788 unc
1421 750 1578 788 autem
1611 746 1763 788 visum
1800 748 1871 788 est

439 817 554 860 mihi
575 819 626 860 de
649 818 874 859 Senectute
891 817 1070 874 aliquid
1090 817 1150 861 ad
1171 821 1219 860 te
1235 818 1536 861 conscribere.
1618 818 1722 861 Hoc
1745 818 1870 860 enim

440 885 594 943 onere,
617 890 742 947 quod
760 890 874 932 mihi
891 905 1136 932 commune
1158 883 1314 933 tecum
1337 895 1422 944 est,
1443 894 1526 933 aut
1546 891 1642 947 jam
1662 890 1870 951 urgeptis

440 969 521 1006 aut
538 968 664 1006 certe
681 963 982 1006 adventantis
999 963 1254 1006 senectutis
1270 967 1318 1006 et
1334 967 1382 1006 te
1404 966 1450 1006 et
1465 959 1537 1006 ine
1556 964 1706 1019 ipsum
1725 962 1870 1005 levari

439 1037 567 1080 volo:
596 1036 685 1079 etsi
702 1040 748 1079 te
766 1036 956 1092 quidem
974 1035 1022 1078 id
1036 1035 1214 1079 modice
1231 1051 1282 1079 ac
1296 1036 1544 1091 sapienter,
1562 1035 1683 1078 sicut
1694 1035 1864 1090 omnia,

438 1115 486 1154 et
507 1111 631 1153 ferre
653 1114 701 1153 et
723 1110 929 1152 laturum
952 1124 1050 1153 esse
1072 1114 1199 1152 certo
1220 1110 1327 1152 scio.
1397 1108 1487 1151 Sed
1512 1108 1626 1151 mihi
1643 1122 1789 1165 quum
1811 1107 1869 1152 de

438 1187 679 1227 senectute
700 1183 865 1227 vellem
890 1182 1069 1240 aliquid
1100 1183 1302 1225 scribere
1330 1187 1384 1225 tu
1406 1183 1678 1225 occurrebas
1699 1182 1868 1238 dignus

438 1273 492 1301 eo
514 1273 556 1300 in
565 1271 722 1307 unere,
743 1271 837 1312 quo
862 1242 1056 1313 uterque
1079 1259 1291 1298 nostrum
1310 1255 1621 1298 communiter
1637 1259 1861 1299 uteretur.

441 1331 559 1373 Mihi
581 1329 771 1386 quidem
794 1329 859 1371 ita
890 1328 1099 1385 jucunda
1120 1328 1264 1384 hujus
1296 1328 1402 1370 libri
1430 1328 1660 1371 confectio
1682 1327 1787 1382 fuit,
1817 1332 1868 1371 ut

439 1419 531 1447 11011
557 1403 692 1445 modo
725 1416 885 1444 omnes
916 1402 1189 1455 absterserit
1221 1401 1476 1444 senectutis
1510 1401 1757 1453 molestias,
1785 1401 1867 1445 sed.

437 1477 641 1521 effecerit
665 1476 851 1518 mollem
870 1475 1011 1518 etiam
1029 1479 1081 1517 ·et
1101 1469 1354 1531 jucundam
1378 1477 1680 1518 senectutem.
1734 1474 1779 1517 N
1785 1489 1867 1518 un-

445 1566 585 1609 quam
607 1548 950 1605 igiturlaudari
972 1549 1084 1591 satis
1108 1548 1247 1603 digne
1269 1547 1563 1604 philosophia
1584 1548 1773 1604 poterit,
1793 1548 1868 1591 cui

438 1626 518 1682 qui
552 1628 711 1681 pareat
742 1638 880 1666 omne
917 1627 1102 1678 tempus
1140 1622 1308 1664 aet-atis
1345 1622 1446 1664 siue
1479 1621 1691 1665 molestia
1723 1622 1868 1678 possit

437 1699 615 1754 degew.
686 1696 778 1739 Sed
801 1696 858 1739 de
876 1696 1042 1739 ceteris
1064 1699 1112 1737 et
1133 1694 1336 1737 diximus
1360 1694 1507 1738 multa
1523 1698 1570 1738 et
1592 1709 1729 1750 saepe
1745 1694 1868 1738 dice-

437 1786 540 1814 mus
562 1786 569 1814 :
605 1771 728 1812 hunc
746 1769 917 1811 librum
936 1768 993 1811 de
1010 1771 1251 1812 senectute
1268 1766 1325 1809 ad
1344 1771 1391 1810 te
1409 1767 1630 1810 misimus.
1669 1766 1868 1811 Omnem

437 1850 591 1887 autem
637 1856 896 1884 sei-numeni
939 1841 1200 1888 tribuimus,
1226 1854 1320 1882 nou
1358 1839 1575 1893 Tithono,
1619 1844 1672 1882 ut
1710 1840 1868 1883 Aristo

439 1917 614 1965 Chius;
647 1930 809 1971 parum
843 1914 968 1956 enim
1001 1917 1122 1956 esset
1154 1899 1444 1956 auctoritatis
1475 1912 1525 1955 111
1556 1912 1745 1963 fabula;
1786 1913 1868 1957 sed

437 1991 503 2033 M.
548 1990 711 2033 Catoni
752 1988 865 2041 seni,
906 2002 999 2044 quo
1040 1987 1264 2043 majorem
1307 1985 1631 2029 auctoritatem
1675 1985 1869 2030 haberet

437 2064 607 2106 oratio:
652 2063 774 2118 apud
798 2077 937 2118 quem
970 2060 1182 2104 Laelium
1205 2065 1252 2102 et
1285 2054 1548 2116 Scipionem
1572 2060 1768 2103 facimus
1787 2060 1866 2103 ad—

438 2138 676 2189 mirantes,
702 2135 827 2191 quod
859 2135 898 2176 is
931 2137 1029 2176 tam
1060 2133 1195 2176 facile
1226 2136 1515 2176 senectutem
1547 2133 1684 2186 ferat,
1719 2132 1869 2190 iiSque

438 2227 542 2254 eum
582 2209 954 2265 respondentem.
1024 2207 1116 2261 Qui
1157 2208 1196 2251 si
1239 2206 1468 2251 eruditius
1507 2206 1744 2250 videbitur
1777 2206 1869 2251 dis-

438 2288 616 2340 put-are,
653 2297 792 2338 quam
825 2280 1069 2324 consuevit
1100 2279 1200 2336 ipse
1231 2280 1281 2322 in
1312 2279 1409 2323 suis
1442 2279 1589 2334 libris,
1621 2278 1870 2323 attribuito

437 2356 627 2401 Graecis
679 2355 841 2407 literis,
889 2369 1084 2410 quarum
1131 2357 1313 2397 constat
1367 2367 1470 2396 eum
1524 2351 1869 2406 perstudiosum
1901 2399 1909 2403 -

436 2433 580 2475 fuisse
612 2430 661 2472 in
693 2432 948 2471 senectute.
1017 2428 1110 2471 Sed
1141 2427 1254 2485 quid
1287 2441 1403 2484 opus
1433 2429 1505 2470 est
1535 2425 1703 2484 plura?
1760 2425 1870 2471 Jam
1982 2420 2025 2474 ‘g-

435 2506 559 2549 enim
593 2503 737 2559 ipsius
761 2502 952 2545 Catonis
983 2515 1137 2544 sermo
1169 2499 1423 2557 explicabit
1453 2501 1663 2546 nostram
1683 2513 1869 2549 omnem

408 2571 412 2574 ’
436 2578 495 2624 de
515 2579 757 2620 senectute
779 2575 1074 2620 sententiam.
