2118 2912
758 217 875 249 οΑτο
905 218 1076 249 MAJOR.
1515 194 1526 200 ¹
1538 207 1597 255 79

177 323 260 368 bar
277 322 562 378 existimans,
579 337 675 366 non
690 324 998 379 longinquum
1018 322 1142 366 inter
1163 338 1247 366 nos
1269 323 1525 380 digressum
1546 329 1594 368 et

174 397 426 441 discessum
458 396 569 439 fore.
638 395 728 439 His
764 396 878 439 mihi
914 397 1067 448 rebus,
1095 396 1263 452 Scipio,
1291 397 1340 440 id
1380 397 1506 441 enim
1548 402 1594 442 te
1617 400 1670 441 86

175 485 279 514 cum
314 470 472 514 Laelio
502 470 720 514 admirari
742 469 889 512 solere
923 470 1096 523 dixisti,
1124 471 1239 513 levis
1271 475 1341 514 est
1383 477 1596 514 senectus

174 559 260 587 nec
280 543 428 587 solum
450 558 544 595 non
566 543 774 597 molesta,
799 543 881 586 sed
902 543 1044 586 etiam
1065 544 1082 599 j
1091 544 1284 587 ucunda.
1327 544 1463 597 Quod
1484 546 1522 587 si
1546 547 1594 587 in

173 617 260 661 hoc
281 631 398 671 erro,
423 616 549 672 quod
570 616 749 658 animos
770 615 1013 658 hominum
1047 615 1331 659 immortales
1368 632 1466 660 esse
1502 633 1595 661 cre-

174 689 296 744 dam,
314 688 654 739 lubentererro
674 703 684 739 ;
717 701 802 731 nec
817 687 932 730 mihi
954 688 1077 730 hunc
1100 703 1316 741 errorem,
1335 703 1427 744 quo
1449 690 1594 734 delec-

174 767 261 818 tor,
288 762 399 805 dum
421 762 526 805 vivo
548 761 812 817 extorqueri
830 761 959 804 volo:
983 762 1056 804 sin
1080 765 1303 815 mortuus,
1335 766 1386 804 ut
1407 763 1595 819 quidam

175 835 344 878 minuti
376 834 639 892 philosophi
674 837 878 886 censent,
906 834 1024 876 nihil
1061 835 1276 887 sentiam,-
1300 849 1394 877 non
1430 850 1596 879 vereor

175 923 235 952 ne
254 908 379 951 hunc
415 922 615 951 errorem
652 922 804 950 meum
842 907 1014 949 mortui
1051 906 1314 963 philosophi
1352 908 1588 952 irrideant.

176 981 311 1036 Quod
330 982 370 1025 si
390 997 486 1024 non
506 995 666 1024 sumus
687 980 971 1023 immortales
993 980 1156 1032 futuri,
1185 984 1343 1023 tamen
1364 981 1595 1035 exstingui

176 1056 354 1099 homini
374 1069 460 1098 suo
479 1058 688 1110 tempore
709 1054 914 1110 optabile
946 1058 1027 1096 est.
1098 1053 1219 1096 Nam
1251 1053 1393 1096 habet
1431 1059 1595 1098 natura

176 1131 231 1172 ut
250 1128 445 1171 aliarum
465 1126 671 1169 omnium
693 1139 845 1168 rerum
871 1125 935 1168 sic
957 1125 1146 1168 vivendi
1168 1125 1369 1168 modum.
1430 1125 1594 1169 Senec-

177 1206 254 1245 tus
273 1205 431 1248 autem
451 1199 616 1243 aetatis
638 1202 708 1242 cst
728 1198 933 1257 pei-&ctio
954 1203 1190 1254 tamquam
1221 1198 1405 1242 fabulae
1424 1215 1433 1249 ;
1467 1200 1600 1256 cujus

177 1272 559 1329 defatigationem
591 1272 753 1327 fugere
788 1270 1025 1323 debemus,
1067 1271 1340 1327 praesertim
1375 1271 1598 1328 adjuncta

178 1346 405 1390 satietate.
420 1344 606 1388 —Haec
625 1343 767 1387 habui
790 1343 847 1386 de
868 1346 1108 1386 senectute
1130 1358 1248 1399 quae
1269 1344 1471 1387 dicerem
1496 1358 1505 1388 :
1534 1345 1596 1388 ad

178 1433 315 1477 quam
340 1418 518 1475 utinam
543 1415 823 1473 perveniatis
846 1418 856 1460 Ξ
888 1420 941 1459 ut
963 1431 1029 1470 ea,
1057 1430 1175 1472 quae
1209 1431 1265 1460 ex
1286 1431 1359 1460 me
1379 1417 1593 1472 audistis,

178 1508 229 1536 re
249 1490 430 1548 expet-hi
450 1490 645 1549 probare
667 1489 867 1547 possitis.
