2118 2912
733 203 854 234 cmo
887 204 1057 235 mon.
1515 198 1564 238 :³3⁴¹

863 409 926 452 H.

151 511 302 569 Scipio
321 511 413 555 ancl
435 509 618 552 Laelius
637 510 836 567 question
857 508 963 552 Cato
983 511 1218 568 reqardi‘ny
1233 513 1301 556 his
1321 517 1566 570 expen‘woe

209 586 254 626 ο]
273 570 347 614 old
366 584 454 626 aye.

209 672 372 728 Scipio.
434 670 776 726 Saepenumero
817 669 1035 712 admirari
1075 671 1199 714 soleo
1239 687 1343 715 cum
1383 675 1470 718 hoc
1509 675 1557 720 0.

150 746 307 790 Laelio
327 748 431 787 tum
450 747 708 787 ceterarum
740 757 892 784 rerum
918 746 1043 784 tuam
1066 743 1380 797 excellentem,
1408 746 1566 791 Marce

150 819 281 873 Cato,
307 817 652 874 perfectamque
673 815 959 870 sapientiam,
987 818 1087 857 tum
1110 816 1182 859 vel
1205 819 1415 871 maxime,
1441 821 1564 875 quod

152 904 391 947 nunquam
411 892 697 932 senectutem
722 887 810 930 tibi
840 902 1025 942 gravem
1059 903 1155 931 0880
1187 891 1421 944 senserim,
1447 907 1582 947 quae·

150 965 381 1022 plerisque
397 963 586 1006 senibus
602 962 667 1003 sic
683 960 843 1003 odiosa
859 965 941 1011 est,
965 964 1013 1002 ut
1028 975 1144 1003 onus
1157 977 1206 1004 se
1218 962 1366 1006 AEtna
1381 966 1564 1018 gravius

150 1038 307 1080 dicant
336 1035 578 1078 sustinere.
680 1032 800 1076 Cato.
870 1032 986 1074 Rem
1019 1033 1142 1075 haud
1175 1049 1297 1095 sane,
1335 1035 1487 1091 Scipio
1518 1044 1564 1080 et

149 1111 291 1164 Laeli,
312 1109 545 1152 difficilem
565 1107 784 1150 admirari
803 1106 1036 1148 videmini.
1106 1106 1283 1159 Quibus
1303 1109 1426 1151 enim
1449 1111 1563 1153 nihil

149 1188 220 1228 est
241 1184 290 1225 in
313 1182 424 1238 ipsis
445 1181 544 1236 opis
564 1179 624 1222 ad
657 1179 775 1221 bene
796 1178 1024 1234 beateque
1045 1179 1311 1231 vivendum,
1339 1181 1394 1224 iis
1417 1184 1564 1225 omnis

149 1261 275 1302 aetas
312 1254 463 1311 gravis
499 1256 598 1296 est:
646 1251 728 1308 qui
765 1254 921 1294 autem
958 1252 1112 1294 omnia
1151 1253 1272 1295 bona
1307 1269 1334 1296 a
1370 1270 1418 1298 se
1454 1256 1564 1310 ipsis

149 1331 334 1387 petunt,
358 1326 415 1369 iis
435 1325 554 1368 nihil
575 1327 730 1380 potest
751 1323 923 1365 malum
944 1323 1107 1376 videri,
1132 1325 1256 1380 quod
1276 1330 1468 1370 naturae
1487 1342 1563 1372 ne-

149 1402 337 1447 cessitas
357 1399 531 1442 afferat.
600 1396 702 1449 Quo
726 1396 774 1438 in
796 1410 964 1451 genere
986 1399 1058 1437 est
1079 1396 1127 1437 111
1151 1397 1310 1452 primis
1332 1408 1559 1454 senectus,

149 1489 288 1534 quam
312 1476 363 1516 ut
388 1471 705 1527 adipiscantur
735 1483 894 1511 01111108
925 1471 1102 1523 optant,
1128 1469 1320 1512 eandem
1351 1478 1565 1516 accusant

150 1549 376 1603 adeptam.
442 1544 593 1586 Tanta
625 1546 696 1585 est
727 1541 955 1583 stultitiae
976 1541 1287 1584 inconstantia
1306 1547 1445 1600 atque
1465 1561 1565 1601 per-

150 1621 344 1664 versitas
363 1620 372 1662 !
415 1605 650 1672 Obrepere
666 1615 799 1658 aiunt
817 1629 915 1657 eam
934 1613 1083 1667 citius,
1104 1628 1243 1670 quam
1259 1618 1558 1670 putavissent.

152 1694 434 1745 ——Primum,
459 1690 563 1747 quis
584 1689 734 1744 coegit
755 1702 832 1731 eos
853 1687 1021 1730 falsum
1042 1690 1204 1743 putare
1221 1689 1237 1731 ’.ἶ
1267 1689 1386 1740 Quid
1410 1693 1565 1737 01111112

151 1768 288 1812 citius
320 1762 658 1807 adolescentiae
691 1765 919 1814 senectus,
956 1774 1095 1816 quam
1131 1762 1355 1816 pueritiae
1391 1765 1562 1809 adoles-

150 1841 303 1886 centia
342 1836 560 1892 obrepit?
619 1833 816 1886 Deinde,
854 1831 934 1888 qui
974 1833 1127 1875 minus
1156 1835 1307 1889 gravis
1349 1844 1467 1880 esset
1508 1840 1563 1882 iis

150 1916 379 1965 senectus,
421 1909 462 1952 si
500 1905 934 1963 octingentesimum
966 1919 1140 1947 annum
1178 1912 1381 1961 agerent,
1426 1925 1563 1966 quam

151 1982 516 2042 octogesimum?
588 1979 847 2022 Praeterita
878 1978 1002 2019 enim
1033 1982 1157 2019 aetas
1187 1981 1397 2035 quamvis
1427 1982 1562 2039 longa

150 2074 294 2120 quum
316 2055 580 2108 effluxisset,
605 2052 735 2095 nulla
764 2050 1077 2094 consolatione
1108 2052 1390 2107 permulcere
1410 2061 1563 2110 posset

150 2132 343 2177 stultam
363 2129 666 2175 senectutem.
729 2122 953 2175 Quocirca
968 2121 1007 2179 sj
1027 2122 1301 2177 sapientiam
1322 2139 1469 2168 meam
1485 2128 1564 2169 ad-

150 2204 309 2250 mirari
327 2200 486 2258 soletis
510 2199 643 2254 (quae
665 2195 844 2239 utinam
865 2194 1005 2250 digna
1026 2198 1146 2236 esset
1176 2195 1391 2250 opinione
1414 2204 1564 2242 vestra

151 2281 403 2333 nostroque
435 2268 727 2326 cognomine)
763 2268 813 2311 in
847 2267 935 2311 hoc
967 2281 1125 2325 sumus
1158 2269 1403 2325 sapientes,
1439 2273 1563 2328 quod

150 2354 365 2394 naturam
404 2344 628 2402 optimam
668 2341 832 2385 ducem
878 2343 1110 2396 tamquam
1153 2340 1289 2383 deum
1330 2344 1565 2399 sequimur

82 2426 89 2429 ”
150 2425 286 2480 eique
306 2431 521 2478 paremus
539 2431 550 2460 :
580 2429 608 2458 a
627 2428 720 2471 qua
739 2406 834 2456 non
854 2412 948 2455 veri
969 2411 1119 2455 simile
1135 2416 1220 2467 est,
1240 2428 1383 2471 quum
1400 2420 1564 2460 ceterae

131 2499 306 2560 ‘partes
337 2491 504 2539 aetatis
535 2488 656 2532 bene
690 2486 946 2547 descriptae
978 2485 1088 2546 sint,
1123 2491 1382 2531 extremum
1413 2493 1567 2539 actum
