2118 2912
707 183 824 214 OA'ro
855 184 1026 215 MAJOR.
1482 176 1550 218 51·

116 289 326 362 mugitor.
364 285 532 345 Neque
551 288 677 331 enim
699 303 756 331 ex
779 292 825 331 te
849 303 1054 347 unquam
1074 304 1123 332 es
1143 289 1431 351 nobilflzatus,
1452 292 1534 336 sed

116 373 175 404 ex
194 359 424 403 lateribus
459 364 508 404 et
542 359 727 417 lacertis
766 362 870 404 tuis.
938 361 1070 404 Nihil
1103 361 1207 411 Sex.
1235 363 1395 406 Aelius
1428 364 1559 419 tale„

115 432 236 475 nihil
256 432 418 476 multis
448 433 583 476 annis
619 439 728 481 ante
771 434 836 477 Ti.
882 433 1212 486 Coruncanius,
1251 435 1370 477 nihil
1403 436 1539 478 modo

118 504 168 548 P.
197 504 401 559 Crassus,
441 520 470 548 a
507 506 678 562 quibus
714 506 820 562 jura
856 506 1034 549 civibus
1075 508 1535 562 praescribebantur:

115 591 313 634 quorum
336 591 481 635 usque
502 578 562 620 ad
583 582 843 620 extremum
865 579 1079 634 spiritum
1103 594 1173 621 esz
1195 562 1412 658 provecta
1431 596 1536 636 pru-

116 650 285 693 dentia.
354 649 523 693 Orator
563 656 720 693 metuo
752 665 811 693 ne
855 651 1119 705 languescat
1162 656 1428 696 senectute:
1467 659 1536 696 est
1557 654 1613 696 28

116 723 240 766 enim
261 737 430 765 munus
451 723 555 779 ejus
575 738 670 765 non
690 724 862 779 ingenii
886 723 1049 776 solum,
1073 724 1154 766 sed
1175 724 1374 767 laterum
1396 726 1534 768 etiam

115 799 163 840 et
182 796 364 839 virium.
433 795 635 838 Omnino
658 810 877 859 carmi-uin
910 797 1024 838 illud
1058 798 1105 849 in
1134 813 1238 840 voce
1259 798 1537 853 splendescit

116 869 271 921 etiam,
297 868 452 910 nescio
472 882 565 924 quo
595 872 746 928 pagto,
772 869 822 911 in
857 874 1097 912 senectute
1120 884 1130 923 7:
1163 871 1286 926 quod
1323 871 1535 926 equidem

114 940 267 984 adhuc
286 954 382 983 non
403 940 552 991 amisi,
579 944 626 982 et
648 940 818 983 videtis
835 955 992 983 annos.
1053 941 1143 983 Sed.
1166 947 1322 983 tamen
1345 942 1536 985 decorus

117 1018 189 1058 est
209 1013 334 1057 senis
353 1027 504 1056 sermo
524 1012 714 1069 quietus
746 1017 793 1055 et
824 1014 1058 1082 remissus,
1085 1014 1288 1069 fai-:itque
1321 1029 1536 1071 persaepe

116 1087 216 1144 ipsa
230 1086 320 1131 sibi
334 1086 619 1150 audientiam
640 1086 802 1146 disgrti
820 1087 942 1129 senis
958 1091 1138 1149 cogipta
1162 1091 1209 1129 et
1230 1087 1355 1150 mQ's
1371 1089 1529 1131 oratio.

117 1160 266 1213 Quam
295 1157 335 1202 si
367 1159 467 1215 ipse
498 1158 688 1214 exsequi
710 1164 926 1214 nequeas,
961 1159 1107 1214 possis
1144 1163 1298 1202 tamen
1333 1159 1536 1215 Scipioni

115 1232 378 1290 praecipere
400 1235 447 1274 et·
467 1229 638 1273 Laelio.
706 1230 830 1283 Quid
861 1230 983 1273 enim
1017 1230 1267 1286 jucundius
1300 1236 1537 1275 senectute

116 1305 286 1370 stipata
320 1302 489 1346 studiis
521 1302 817 1359 juventutis?
878 1304 953 1344 An
989 1317 1048 1345 ne
1083 1317 1158 1344 eas
1191 1303 1379 1359 quidem
1417 1303 1536 1346 vires
1557 1305 1614 1346 29

115 1376 345 1422 senectuti
365 1375 695 1432 relinquemus,
718 1378 769 1417 ut
790 1374 1158 1418 adolescentulos
1180 1375 1357 1424 doceat,
1379 1375 1531 1419 instit-

118 1453 212 1506 uat,
228 1450 288 1494 ad
303 1463 439 1493 omne
459 1448 596 1492 officii
618 1462 787 1491 munus
807 1448 1009 1490 instruat
1024 1449 1047 1492 Ζ.
1071 1462 1164 1504 quo
1185 1449 1372 1504 quidem
1394 1463 1531 1504 opere

117 1523 230 1581 quid
268 1525 422 1580 potest
463 1536 562 1564 esse
603 1520 913 1576 praeclarius?
975 1507 1096 1563 Mihi
1135 1535 1246 1564 vero
1288 1521 1370 1563 On.
1399 1529 1446 1563 et
1474 1518 1528 1564 P.

118 1596 356 1653 Scipiones
375 1597 424 1637 et
442 1592 519 1637 avi
538 1593 608 1636 tui
630 1592 736 1646 duo,
763 1593 813 1636 L.
844 1592 1070 1636 Aemilius
1101 1597 1149 1636 et
1185 1593 1236 1635 P.
1267 1594 1525 1642 Africanus,

118 1669 340 1723 comitatu
359 1665 585 1709 nobilium
606 1665 834 1722 juvenum
855 1665 1082 1711 fortunati
1104 1665 1385 1707 videbantur
1404 1681 1413 1709 :
1447 1680 1531 1708 nec

120 1741 204 1784 ulli
222 1740 449 1784 bonarum
469 1737 637 1781 artium
661 1737 868 1793 magistri
891 1752 983 1780 non
1002 1738 1122 1780 beati
1148 1737 1358 1791 putandi,
1379 1753 1537 1794 quam-

119 1814 189 1857 vis
209 1810 536 1856 consenuerint
556 1810 677 1852 vires
707 1815 848 1865 atque
870 1809 1135 1873 defegerint.
1206 1810 1307 1852 Etsi
1330 1811 1418 1852 ista
1438 1812 1536 1866 ipsa

121 1885 320 1931 defectio
357 1883 528 1928 virium
569 1882 904 1926 adolescentiae
947 1883 1071 1925 vitiis
1119 1883 1314 1925 efficitur
1355 1884 1535 1939 saepius

120 1973 259 2017 quam
277 1955 560 2001 senectutis:
592 1955 840 1998 libidinosa
863 1956 983 1998 enim
1017 1959 1063 1997 et
1098 1955 1410 2011 intemperans
1430 1956 1536 1998 ado-

121 2030 340 2076 lescentia
370 2029 558 2072 effetum
591 2042 756 2083 corpus
788 2027 933 2070 tradit
965 2027 1203 2069 senectuti.
1273 2027 1418 2083 Cyrus
1439 2029 1535 2085 qui-
1559 2029 1615 2070 30

121 2105 228 2149 dem
267 2102 390 2159 apud
423 2101 783 2157 Xenophontem
820 2114 874 2143 eo
905 2114 1129 2150 sermone,
1162 2115 1299 2156 quem
1337 2102 1536 2144 moriens

118 2170 300 2231 habuit,
324 2189 468 2232 quum
502 2170 753 2216 admodum
766 2186 907 2214 senex
929 2175 1062 2224 esset,
1091 2176 1229 2226 negat
1260 2187 1308 2214 se
1334 2187 1535 2229 unquam

120 2249 319 2294 'sensisse
338 2250 623 2291 senectutem
657 2259 786 2287 suam
819 2243 1167 2286 imbecilliorem
1188 2243 1370 2298 factam,
1398 2259 1535 2301 quam

122 2319 433 2366 adolescentia
465 2318 643 2362 fuisset.
710 2316 810 2373 Ego
843 2315 893 2359 L.
923 2315 1169 2358 Metellum
1191 2317 1380 2359 memini
1403 2332 1530 2372 puer,

124 2393 207 2453 qui
242 2406 389 2452 quum
406 2389 714 2450 quadriennio
748 2390 853 2445 post
888 2387 1087 2431 alt-erum
1112 2388 1403 2431 consulatum
1425 2404 1536 2445 pon-

124 2467 246 2513 tifex
277 2464 506 2509 maximus
539 2464 688 2507 factus
724 2464 861 2516 esset,
885 2460 1050 2516 viginti
1089 2463 1135 2503 et
1167 2460 1283 2504 duos
1314 2476 1459 2504 annos
1496 2462 1537 2505 ei
