2118 2912
532 235 593 282 42
1044 247 1165 280 ono
1194 246 1369 279 nuos.

1158 437 1247 484 IV.

533 558 577 602 A
600 558 840 615 pamqyrie.
861 572 920 601 (m
941 556 1113 601 Fabius
1141 557 1379 600 Maximus
1398 557 1537 602 whose
1557 551 1771 615 diqviified
1790 541 1864 603 oid
1882 572 1960 616 aye

589 621 714 675 spent
735 620 787 660 in
808 632 904 660 war
925 617 1017 659 and
1043 617 1222 672 politi-cs
1243 617 1337 659 aud
1366 617 1546 660 learned
1565 632 1760 661 converse
1778 631 1872 662 was
1890 617 1959 662 the
2113 668 2118 677 ι

590 692 739 719 οηυωη
759 678 810 731 of
825 691 855 718 a
876 676 1119 731 well-spent
1140 676 1229 731 life.
2106 686 2118 728 j

459 796 511 837 10
589 794 690 850 Ego
742 794 794 846 Q.
848 794 1109 842 Maximum
1158 808 1280 847 eum,
1326 794 1408 850 qui
1459 794 1715 837 Tarentum
1765 794 1955 851 recepit,

528 867 798 910 adolescens
820 868 886 909 ita
916 866 1059 908 dilexi
1093 863 1251 909 senem
1288 870 1341 909 ut
1376 867 1629 923 aequalem.
1698 867 1814 910 Erat
1835 868 1957 911 enim

529 940 577 983 in
619 940 700 982 illo
737 940 834 982 viro
874 936 1317 1004 comjtate'0011djt.a
1352 940 1567 994 gravitas,
1614 954 1700 983 nec
1746 943 1957 984 senectus

528 1029 679 1057 mores
707 1016 999 1056 mutaverat:
1049 1027 1331 1069 quamquam
1374 1027 1480 1055 eum
1513 1012 1662 1056 colere
1699 1013 1828 1070 coepi
1864 1028 1956 1058 non

526 1086 777 1129 admodum
815 1085 1038 1141 grandem
1075 1090 1205 1138 natu,
1235 1084 1317 1127 sed
1354 1089 1512 1128 tamen
1544 1085 1641 1140 jam
1671 1090 1825 1129 aetate
1855 1102 1957 1143 pro-

527 1164 724 1203 vectum.
787 1160 923 1201 Anno
945 1159 1070 1200 enim
1093 1162 1199 1214 post
1215 1158 1375 1200 consul
1398 1158 1601 1214 primum
1623 1159 1790 1213 fuerat,
1818 1174 1956 1217 quam

527 1248 611 1290 ego
632 1237 772 1275 natus
793 1247 895 1274 sum
913 1245 923 1282 ;
945 1246 1143 1288 cumque
1165 1246 1220 1274 eo
1241 1235 1461 1288 quartum
1483 1232 1672 1275 consule
1692 1233 1956 1278 adolescen-

526 1307 653 1350 tulus
675 1306 807 1350 miles
842 1306 902 1348 ad
937 1305 1143 1362 Capuam
1168 1305 1405 1360 profectus
1428 1320 1530 1347 sum
1552 1306 1812 1364 quintoque
1833 1322 1956 1352 anno

524 1383 630 1436 post
649 1380 708 1422 ad
738 1379 1003 1422 Tarentum.
1073 1377 1302 1430 Quaestor
1325 1378 1496 1421 deinde
1517 1379 1828 1434 quadriennio
1848 1385 1954 1438 post

524 1454 675 1496 factus
697 1467 813 1506 sum,
841 1466 980 1508 quem
1005 1452 1328 1506 magistratum
1359 1451 1481 1507 gessi
1515 1451 1782 1495 consulibus
1814 1453 1954 1498 Tudi-

525 1531 635 1569 tano
657 1530 704 1569 et
739 1525 976 1580 Cethego;
1009 1539 1151 1580 quum
1190 1523 1378 1579 quidem
1414 1523 1493 1567 ille
1526 1513 1776 1569 admodum
1813 1542 1953 1574 senex

523 1614 683 1643 suasor
702 1599 818 1655 legis
839 1598 1026 1641 Cinciae
1048 1597 1107 1640 de
1128 1597 1264 1640 donis
1295 1601 1343 1640 et
1379 1597 1652 1641 muneribus
1687 1600 1793 1643 fuit.
1863 1601 1952 1647 Hic

524 1679 571 1717 et
606 1673 730 1716 bella
765 1672 955 1728 gerebat
994 1675 1046 1713 ut
1082 1670 1366 1724 adolescens,
1406 1685 1551 1727 quum
1588 1671 1726 1728 plane
1766 1676 1952 1731 grandis

522 1751 657 1800 esset,
684 1752 732 1790 et
754 1746 1070 1790 Hannibalem
1091 1744 1365 1801 juveniliter
1385 1744 1698 1803 exsul-tantem
1730 1749 1951 1803 patientia

522 1836 605 1863 sua
627 1819 866 1863 molliebat
887 1833 898 1863 :
931 1818 989 1861 de
1021 1832 1115 1868 Quo
1150 1815 1384 1880 prae-clare
1413 1815 1656 1861 familiaris
1677 1823 1838 1864 noster
1857 1821 1950 1867 En·

525 1893 629 1936 nius
650 1907 658 1935 :

629 1995 756 2038 Unus
776 1995 904 2037 homo
924 1993 1050 2037 nobis
1070 1992 1322 2035 cunctando
1341 1992 1540 2036 restituit
1557 2007 1680 2038 rem-⁰

622 2069 673 2111 N
673 2084 731 2110 (m
752 2069 872 2110 enim
893 2081 1091 2109 miticies
1106 2066 1300 2121 ponebat
1322 2068 1426 2108 aute
1447 2065 1648 2110 salutem.

620 2142 665 2184 E
669 2158 741 2197 ryo
756 2144 944 2197 postque
964 2140 1189 2195 maai-sque
1208 2139 1296 2182 viri
1315 2153 1437 2183 minc
1455 2140 1600 2197 gloria
1621 2141 1768 2186 claret.

445 2259 499 2302 11
523 2259 777 2302 Tarentum
814 2270 924 2297 vero
960 2269 1051 2311 qua
1094 2252 1349 2309 vigilantia,
1386 2267 1479 2310 quo
1519 2253 1712 2298 consilio
1747 2258 1948 2313 recepit!

519 2346 662 2389 quum
687 2329 876 2387 quidem
901 2343 972 2370 me
1002 2327 1223 2370 audiente
1261 2326 1526 2381 Salinatori,
1558 2327 1640 2384 qui
1671 2329 1844 2373 amisso
1873 2346 1946 2391 op-

520 2405 630 2462 pido
654 2405 837 2460 fugerat
860 2403 908 2444 iu
932 2417 1099 2454 arcem,
1125 2401 1344 2457 glorianti
1365 2402 1591 2458 atqueita
1610 2401 1808 2448 dicenti:
1844 2404 1947 2451 Mea

520 2493 671 2535 opera,
709 2477 757 2533 Q.
794 2475 923 2530 Fabi,
972 2474 1218 2518 Tarentum
1248 2474 1478 2531 recepisti:
1526 2472 1659 2530 G'erte,
1700 2476 1857 2535 inquit
1890 2463 2021 2538 πὶζξξ,Ἰ

521 2551 667 2598 dens:
701 2563 807 2594 ‘riam
830 2547 922 2591 ‘nisi
942 2549 995 2590 tu
1018 2546 1247 2600 amisisses,
1275 2560 1512 2608 ‘nunquam
1530 2547 1794 2608 recepissem.
1849 2547 1998 2633 Rq<
2012 2542 2027 2598 ζ,

1914 2612 1918 2619 ’
1968 2614 1980 2637 J
