<?xml version="1.0" encoding="UTF-8"?>
<!DOCTYPE html PUBLIC "-//W3C//DTD XHTML 1.0 Transitional//EN"
    "http://www.w3.org/TR/xhtml1/DTD/xhtml1-transitional.dtd">
<html xmlns="http://www.w3.org/1999/xhtml" xml:lang="en" lang="en">
 <head>
  <title>
</title>
<meta http-equiv="Content-Type" content="text/html;charset=utf-8" />
  <meta name='ocr-system' content='tesseract 3.04.00' />
  <meta name='ocr-capabilities' content='ocr_page ocr_carea ocr_par ocr_line ocrx_word'/>
</head>
<body>
  <div class='ocr_page' id='page_1' title='image "./catomajordesenec00ciceuoft_0082.png"; bbox 0 0 2118 2912; ppageno 0'>
   <div class='ocr_carea' id='block_1_1' title="bbox 545 192 1381 239">
    <p class='ocr_par' dir='ltr' id='par_1_1' title="bbox 545 192 1381 239">
     <span class='ocr_line' id='line_1_1' title="bbox 545 192 1381 239; baseline -0.002 -1"><span class='ocrx_word' id='word_1_1' title='bbox 545 192 604 239; x_wconf 80' lang='lat'>‘78</span> <span class='ocrx_word' id='word_1_2' title='bbox 1057 205 1177 236; x_wconf 69' lang='lat' dir='ltr'>emo</span> <span class='ocrx_word' id='word_1_3' title='bbox 1208 204 1381 236; x_wconf 76' lang='lat' dir='ltr'><strong>MAJOR.</strong></span> 
     </span>
    </p>
   </div>
   <div class='ocr_carea' id='block_1_2' title="bbox 463 310 2024 2566">
    <p class='ocr_par' dir='ltr' id='par_1_2' title="bbox 465 310 1975 1175">
     <span class='ocr_line' id='line_1_2' title="bbox 465 310 1975 370; baseline 0.002 -15"><span class='ocrx_word' id='word_1_4' title='bbox 465 313 524 355; x_wconf 88' lang='lat'>83</span> <span class='ocrx_word' id='word_1_5' title='bbox 545 312 670 366; x_wconf 79' lang='lat' dir='ltr'>Quid</span> <span class='ocrx_word' id='word_1_6' title='bbox 689 312 706 356; x_wconf 68' lang='grc' dir='ltr'>’ἐ</span> <span class='ocrx_word' id='word_1_7' title='bbox 735 312 862 370; x_wconf 88' lang='lat' dir='ltr'>quod</span> <span class='ocrx_word' id='word_1_8' title='bbox 884 311 1255 369; x_wconf 75' lang='lat' dir='ltr'>sapientissimus</span> <span class='ocrx_word' id='word_1_9' title='bbox 1275 310 1473 369; x_wconf 87' lang='lat' dir='ltr'>quisque</span> <span class='ocrx_word' id='word_1_10' title='bbox 1509 311 1788 369; x_wconf 81' lang='lat' dir='ltr'>aequissimo</span> <span class='ocrx_word' id='word_1_11' title='bbox 1819 311 1975 358; x_wconf 80' lang='lat' dir='ltr'>animo</span> 
     </span>
     <span class='ocr_line' id='line_1_3' title="bbox 546 384 1972 442; baseline 0.001 -13"><span class='ocrx_word' id='word_1_12' title='bbox 546 387 758 440; x_wconf 87' lang='lat' dir='ltr'>moritur,</span> <span class='ocrx_word' id='word_1_13' title='bbox 786 386 1090 429; x_wconf 84' lang='lat' dir='ltr'>stultissimus</span> <span class='ocrx_word' id='word_1_14' title='bbox 1112 384 1439 442; x_wconf 73' lang='lat' dir='ltr'>iniquissimo?</span> <span class='ocrx_word' id='word_1_15' title='bbox 1499 385 1671 430; x_wconf 81' lang='lat' dir='ltr'>Nonne</span> <span class='ocrx_word' id='word_1_16' title='bbox 1692 386 1826 430; x_wconf 80' lang='lat' dir='ltr'>vobis</span> <span class='ocrx_word' id='word_1_17' title='bbox 1846 387 1972 431; x_wconf 86' lang='lat' dir='ltr'>vide-</span> 
     </span>
     <span class='ocr_line' id='line_1_4' title="bbox 544 457 1974 514; baseline 0.001 -12"><span class='ocrx_word' id='word_1_18' title='bbox 544 463 621 502; x_wconf 85' lang='lat' dir='ltr'>tur</span> <span class='ocrx_word' id='word_1_19' title='bbox 652 459 835 502; x_wconf 85' lang='lat' dir='ltr'>animus</span> <span class='ocrx_word' id='word_1_20' title='bbox 858 459 911 513; x_wconf 90' lang='lat' dir='ltr'>is,</span> <span class='ocrx_word' id='word_1_21' title='bbox 937 458 1018 514; x_wconf 88' lang='lat' dir='ltr'>qui</span> <span class='ocrx_word' id='word_1_22' title='bbox 1042 458 1144 514; x_wconf 89' lang='lat' dir='ltr'>plus</span> <span class='ocrx_word' id='word_1_23' title='bbox 1167 462 1327 500; x_wconf 84' lang='lat' dir='ltr'>cernat</span> <span class='ocrx_word' id='word_1_24' title='bbox 1349 461 1396 501; x_wconf 90' lang='lat' dir='ltr'>et</span> <span class='ocrx_word' id='word_1_25' title='bbox 1424 457 1624 513; x_wconf 86' lang='lat' dir='ltr'>longius,</span> <span class='ocrx_word' id='word_1_26' title='bbox 1649 459 1808 503; x_wconf 86' lang='lat' dir='ltr'>videre</span> <span class='ocrx_word' id='word_1_27' title='bbox 1843 475 1893 504; x_wconf 88' lang='lat' dir='ltr'>se</span> <span class='ocrx_word' id='word_1_28' title='bbox 1913 460 1974 504; x_wconf 81' lang='lat' dir='ltr'>ad</span> 
     </span>
     <span class='ocr_line' id='line_1_5' title="bbox 543 531 1968 604; baseline 0.001 -29"><span class='ocrx_word' id='word_1_29' title='bbox 543 532 733 576; x_wconf 84' lang='lat' dir='ltr'>meliora</span> <span class='ocrx_word' id='word_1_30' title='bbox 755 532 1003 588; x_wconf 86' lang='lat' dir='ltr'>proficisci:</span> <span class='ocrx_word' id='word_1_31' title='bbox 1039 531 1118 574; x_wconf 87' lang='lat' dir='ltr'>ille</span> <span class='ocrx_word' id='word_1_32' title='bbox 1139 535 1309 583; x_wconf 84' lang='lat' dir='ltr'>autem,</span> <span class='ocrx_word' id='word_1_33' title='bbox 1338 531 1472 586; x_wconf 88' lang='lat' dir='ltr'>cujus</span> <span class='ocrx_word' id='word_1_34' title='bbox 1504 531 1715 604; x_wconf 53' lang='lat' dir='ltr'>obtigsior</span> <span class='ocrx_word' id='word_1_35' title='bbox 1736 533 1797 575; x_wconf 86' lang='lat' dir='ltr'>sit</span> <span class='ocrx_word' id='word_1_36' title='bbox 1832 533 1968 588; x_wconf 73' lang='lat' dir='ltr'>acies,</span> 
     </span>
     <span class='ocr_line' id='line_1_6' title="bbox 542 604 1966 663; baseline 0.001 -15"><span class='ocrx_word' id='word_1_37' title='bbox 542 621 635 648; x_wconf 88' lang='lat' dir='ltr'>non</span> <span class='ocrx_word' id='word_1_38' title='bbox 658 605 816 648; x_wconf 87' lang='lat' dir='ltr'>videre</span> <span class='ocrx_word' id='word_1_39' title='bbox 836 605 852 647; x_wconf 70' lang='lat'><strong><em>2</em></strong></span> <span class='ocrx_word' id='word_1_40' title='bbox 911 604 1141 660; x_wconf 82' lang='lat' dir='ltr'>Equidem</span> <span class='ocrx_word' id='word_1_41' title='bbox 1188 604 1352 647; x_wconf 85' lang='lat' dir='ltr'>efferor</span> <span class='ocrx_word' id='word_1_42' title='bbox 1387 604 1544 647; x_wconf 90' lang='lat' dir='ltr'>studio</span> <span class='ocrx_word' id='word_1_43' title='bbox 1581 608 1736 660; x_wconf 85' lang='lat' dir='ltr'>patres</span> <span class='ocrx_word' id='word_1_44' title='bbox 1774 610 1966 663; x_wconf 74' lang='lat' dir='ltr'>vestros,</span> 
     </span>
     <span class='ocr_line' id='line_1_7' title="bbox 541 678 1971 737; baseline 0.001 -14"><span class='ocrx_word' id='word_1_45' title='bbox 541 695 657 737; x_wconf 85' lang='lat' dir='ltr'>quos</span> <span class='ocrx_word' id='word_1_46' title='bbox 693 679 815 722; x_wconf 88' lang='lat' dir='ltr'>colui</span> <span class='ocrx_word' id='word_1_47' title='bbox 852 684 897 723; x_wconf 86' lang='lat' dir='ltr'>et</span> <span class='ocrx_word' id='word_1_48' title='bbox 936 678 1092 733; x_wconf 79' lang='lat' dir='ltr'>dilexi,</span> <span class='ocrx_word' id='word_1_49' title='bbox 1120 678 1336 721; x_wconf 87' lang='lat' dir='ltr'>videndi:</span> <span class='ocrx_word' id='word_1_50' title='bbox 1371 692 1523 734; x_wconf 88' lang='lat' dir='ltr'>neque</span> <span class='ocrx_word' id='word_1_51' title='bbox 1562 693 1670 721; x_wconf 89' lang='lat' dir='ltr'>vero</span> <span class='ocrx_word' id='word_1_52' title='bbox 1708 693 1786 722; x_wconf 88' lang='lat' dir='ltr'>eos</span> <span class='ocrx_word' id='word_1_53' title='bbox 1821 680 1971 724; x_wconf 89' lang='lat' dir='ltr'>solum</span> 
     </span>
     <span class='ocr_line' id='line_1_8' title="bbox 541 751 1972 812; baseline 0 -15"><span class='ocrx_word' id='word_1_54' title='bbox 541 754 788 812; x_wconf 46' lang='lat' dir='ltr'>conve-pire</span> <span class='ocrx_word' id='word_1_55' title='bbox 810 767 938 807; x_wconf 61' lang='lat' dir='ltr'>avgo,</span> <span class='ocrx_word' id='word_1_56' title='bbox 965 766 1080 807; x_wconf 89' lang='lat' dir='ltr'>quos</span> <span class='ocrx_word' id='word_1_57' title='bbox 1117 752 1215 808; x_wconf 90' lang='lat' dir='ltr'>ipse</span> <span class='ocrx_word' id='word_1_58' title='bbox 1238 752 1446 808; x_wconf 83' lang='lat' dir='ltr'>cognovi,</span> <span class='ocrx_word' id='word_1_59' title='bbox 1473 752 1554 795; x_wconf 87' lang='lat' dir='ltr'>sed</span> <span class='ocrx_word' id='word_1_60' title='bbox 1592 751 1697 795; x_wconf 82' lang='lat' dir='ltr'>illos</span> <span class='ocrx_word' id='word_1_61' title='bbox 1731 754 1885 807; x_wconf 79' lang='lat' dir='ltr'>etiam,</span> <span class='ocrx_word' id='word_1_62' title='bbox 1913 754 1972 797; x_wconf 87' lang='lat' dir='ltr'>de</span> 
     </span>
     <span class='ocr_line' id='line_1_9' title="bbox 541 824 1970 884; baseline 0 -14"><span class='ocrx_word' id='word_1_63' title='bbox 541 828 709 884; x_wconf 88' lang='lat' dir='ltr'>quibus</span> <span class='ocrx_word' id='word_1_64' title='bbox 732 826 891 869; x_wconf 81' lang='lat' dir='ltr'>audivi</span> <span class='ocrx_word' id='word_1_65' title='bbox 913 830 959 869; x_wconf 90' lang='lat' dir='ltr'>et</span> <span class='ocrx_word' id='word_1_66' title='bbox 996 826 1087 881; x_wconf 79' lang='lat' dir='ltr'>legi</span> <span class='ocrx_word' id='word_1_67' title='bbox 1121 829 1166 868; x_wconf 86' lang='lat' dir='ltr'>et</span> <span class='ocrx_word' id='word_1_68' title='bbox 1204 825 1302 881; x_wconf 84' lang='lat' dir='ltr'>ipse</span> <span class='ocrx_word' id='word_1_69' title='bbox 1323 825 1587 881; x_wconf 82' lang='lat' dir='ltr'>conscripsi.</span> <span class='ocrx_word' id='word_1_70' title='bbox 1656 824 1759 878; x_wconf 83' lang='lat' dir='ltr'>Quo</span> <span class='ocrx_word' id='word_1_71' title='bbox 1780 826 1970 883; x_wconf 90' lang='lat' dir='ltr'>quidem</span> 
     </span>
     <span class='ocr_line' id='line_1_10' title="bbox 541 898 1968 956; baseline 0.001 -14"><span class='ocrx_word' id='word_1_72' title='bbox 541 916 613 944; x_wconf 83' lang='lat' dir='ltr'>me</span> <span class='ocrx_word' id='word_1_73' title='bbox 634 899 1000 956; x_wconf 80' lang='lat' dir='ltr'>proficiscentem</span> <span class='ocrx_word' id='word_1_74' title='bbox 1022 898 1147 940; x_wconf 87' lang='lat' dir='ltr'>haud</span> <span class='ocrx_word' id='word_1_75' title='bbox 1169 912 1278 940; x_wconf 86' lang='lat' dir='ltr'>sane</span> <span class='ocrx_word' id='word_1_76' title='bbox 1300 898 1404 953; x_wconf 89' lang='lat' dir='ltr'>quis</span> <span class='ocrx_word' id='word_1_77' title='bbox 1441 898 1576 940; x_wconf 75' lang='lat' dir='ltr'>facile</span> <span class='ocrx_word' id='word_1_78' title='bbox 1597 899 1862 953; x_wconf 78' lang='lat' dir='ltr'>retraxerit,</span> <span class='ocrx_word' id='word_1_79' title='bbox 1888 913 1968 943; x_wconf 86' lang='lat' dir='ltr'>ne·</span> 
     </span>
     <span class='ocr_line' id='line_1_11' title="bbox 539 967 1971 1030; baseline 0.002 -15"><span class='ocrx_word' id='word_1_80' title='bbox 539 989 630 1030; x_wconf 85' lang='lat' dir='ltr'>que</span> <span class='ocrx_word' id='word_1_81' title='bbox 665 980 900 1028; x_wconf 78' lang='lat' dir='ltr'>tamquam</span> <span class='ocrx_word' id='word_1_82' title='bbox 936 971 1113 1015; x_wconf 69' lang='lat' dir='ltr'>Peliam</span> <span class='ocrx_word' id='word_1_83' title='bbox 1150 967 1390 1014; x_wconf 59' lang='lat' dir='ltr'>recoxeritss</span> <span class='ocrx_word' id='word_1_84' title='bbox 1460 970 1595 1023; x_wconf 83' lang='lat' dir='ltr'>Quod</span> <span class='ocrx_word' id='word_1_85' title='bbox 1637 971 1677 1014; x_wconf 91' lang='lat' dir='ltr'>si</span> <span class='ocrx_word' id='word_1_86' title='bbox 1714 972 1819 1028; x_wconf 89' lang='lat' dir='ltr'>quis</span> <span class='ocrx_word' id='word_1_87' title='bbox 1856 972 1971 1018; x_wconf 81' lang='lat' dir='ltr'>deus</span> 
     </span>
     <span class='ocr_line' id='line_1_12' title="bbox 540 1044 1969 1104; baseline 0.001 -16"><span class='ocrx_word' id='word_1_88' title='bbox 540 1046 652 1088; x_wconf 83' lang='lat' dir='ltr'>mihi</span> <span class='ocrx_word' id='word_1_89' title='bbox 676 1046 899 1101; x_wconf 70' lang='lat' dir='ltr'>largiatur</span> <span class='ocrx_word' id='word_1_90' title='bbox 922 1048 972 1087; x_wconf 89' lang='lat' dir='ltr'>ut</span> <span class='ocrx_word' id='word_1_91' title='bbox 995 1059 1051 1088; x_wconf 86' lang='lat' dir='ltr'>ex</span> <span class='ocrx_word' id='word_1_92' title='bbox 1074 1044 1159 1087; x_wconf 84' lang='lat' dir='ltr'>hac</span> <span class='ocrx_word' id='word_1_93' title='bbox 1175 1046 1329 1104; x_wconf 85' lang='lat' dir='ltr'>aetate</span> <span class='ocrx_word' id='word_1_94' title='bbox 1350 1058 1670 1099; x_wconf 79' lang='lat' dir='ltr'>repuerascam</span> <span class='ocrx_word' id='word_1_95' title='bbox 1694 1047 1743 1087; x_wconf 90' lang='lat' dir='ltr'>et</span> <span class='ocrx_word' id='word_1_96' title='bbox 1764 1044 1814 1087; x_wconf 90' lang='lat' dir='ltr'>in</span> <span class='ocrx_word' id='word_1_97' title='bbox 1835 1044 1969 1104; x_wconf 51' lang='lat' dir='ltr'>eug-iis</span> 
     </span>
     <span class='ocr_line' id='line_1_13' title="bbox 540 1116 1971 1175; baseline 0 -13"><span class='ocrx_word' id='word_1_98' title='bbox 540 1120 736 1175; x_wconf 51' lang='lat' dir='ltr'>vagiffim,</span> <span class='ocrx_word' id='word_1_99' title='bbox 762 1118 895 1161; x_wconf 83' lang='lat' dir='ltr'>valde</span> <span class='ocrx_word' id='word_1_100' title='bbox 917 1132 1135 1161; x_wconf 83' lang='lat' dir='ltr'>recusem.</span> <span class='ocrx_word' id='word_1_101' title='bbox 1186 1116 1286 1159; x_wconf 87' lang='lat' dir='ltr'>Nec</span> <span class='ocrx_word' id='word_1_102' title='bbox 1308 1131 1417 1159; x_wconf 90' lang='lat' dir='ltr'>vero</span> <span class='ocrx_word' id='word_1_103' title='bbox 1440 1116 1592 1172; x_wconf 88' lang='lat' dir='ltr'>velim,</span> <span class='ocrx_word' id='word_1_104' title='bbox 1621 1118 1754 1174; x_wconf 83' lang='lat' dir='ltr'>quasi</span> <span class='ocrx_word' id='word_1_105' title='bbox 1776 1117 1971 1162; x_wconf 77' lang='lat' dir='ltr'>decurso</span> 
     </span>
    </p>

    <p class='ocr_par' dir='ltr' id='par_1_3' title="bbox 463 1190 1971 1765">
     <span class='ocr_line' id='line_1_14' title="bbox 463 1190 1971 1249; baseline 0 -13"><span class='ocrx_word' id='word_1_106' title='bbox 463 1195 518 1236; x_wconf 81' lang='lat'>84</span> <span class='ocrx_word' id='word_1_107' title='bbox 539 1193 704 1249; x_wconf 84' lang='lat' dir='ltr'>spatio,</span> <span class='ocrx_word' id='word_1_108' title='bbox 724 1192 783 1235; x_wconf 86' lang='lat' dir='ltr'>ad</span> <span class='ocrx_word' id='word_1_109' title='bbox 805 1206 1009 1234; x_wconf 80' lang='lat' dir='ltr'>carceres</span> <span class='ocrx_word' id='word_1_110' title='bbox 1031 1205 1058 1233; x_wconf 83' lang='lat' dir='ltr'><strong>a</strong></span> <span class='ocrx_word' id='word_1_111' title='bbox 1080 1190 1201 1235; x_wconf 83' lang='lat' dir='ltr'>calce</span> <span class='ocrx_word' id='word_1_112' title='bbox 1223 1190 1443 1233; x_wconf 80' lang='lat' dir='ltr'>revocari.</span> <span class='ocrx_word' id='word_1_113' title='bbox 1531 1190 1654 1243; x_wconf 69' lang='lat' dir='ltr'>Quid</span> <span class='ocrx_word' id='word_1_114' title='bbox 1677 1191 1805 1234; x_wconf 88' lang='lat' dir='ltr'>enim</span> <span class='ocrx_word' id='word_1_115' title='bbox 1827 1191 1971 1236; x_wconf 79' lang='lat' dir='ltr'>habet</span> 
     </span>
     <span class='ocr_line' id='line_1_15' title="bbox 541 1263 1971 1320; baseline 0.001 -11"><span class='ocrx_word' id='word_1_116' title='bbox 541 1267 635 1310; x_wconf 86' lang='lat' dir='ltr'>vita</span> <span class='ocrx_word' id='word_1_117' title='bbox 657 1265 885 1309; x_wconf 85' lang='lat' dir='ltr'>commodi</span> <span class='ocrx_word' id='word_1_118' title='bbox 905 1265 920 1308; x_wconf 70' lang='lat' dir='ltr'>‘l</span> <span class='ocrx_word' id='word_1_119' title='bbox 951 1264 1065 1320; x_wconf 88' lang='lat' dir='ltr'>quid</span> <span class='ocrx_word' id='word_1_120' title='bbox 1088 1279 1182 1307; x_wconf 84' lang='lat' dir='ltr'>non</span> <span class='ocrx_word' id='word_1_121' title='bbox 1204 1264 1360 1319; x_wconf 81' lang='lat' dir='ltr'>potius</span> <span class='ocrx_word' id='word_1_122' title='bbox 1397 1263 1605 1306; x_wconf 72' lang='lat' dir='ltr'>laboris?</span> <span class='ocrx_word' id='word_1_123' title='bbox 1665 1263 1757 1307; x_wconf 86' lang='lat' dir='ltr'>Sed</span> <span class='ocrx_word' id='word_1_124' title='bbox 1800 1264 1971 1310; x_wconf 74' lang='lat' dir='ltr'>habeat</span> 
     </span>
     <span class='ocr_line' id='line_1_16' title="bbox 538 1337 1962 1383; baseline 0 0"><span class='ocrx_word' id='word_1_125' title='bbox 538 1354 680 1383; x_wconf 81' lang='lat' dir='ltr'>sane:</span> <span class='ocrx_word' id='word_1_126' title='bbox 713 1338 855 1381; x_wconf 85' lang='lat' dir='ltr'>habet</span> <span class='ocrx_word' id='word_1_127' title='bbox 877 1342 1003 1381; x_wconf 85' lang='lat' dir='ltr'>certe</span> <span class='ocrx_word' id='word_1_128' title='bbox 1025 1340 1184 1380; x_wconf 84' lang='lat' dir='ltr'>tamen</span> <span class='ocrx_word' id='word_1_129' title='bbox 1220 1340 1300 1379; x_wconf 89' lang='lat' dir='ltr'>aut</span> <span class='ocrx_word' id='word_1_130' title='bbox 1337 1337 1603 1379; x_wconf 80' lang='lat' dir='ltr'>satietatem</span> <span class='ocrx_word' id='word_1_131' title='bbox 1638 1341 1720 1380; x_wconf 83' lang='lat' dir='ltr'>aut</span> <span class='ocrx_word' id='word_1_132' title='bbox 1759 1337 1962 1383; x_wconf 89' lang='lat' dir='ltr'>medum.</span> 
     </span>
     <span class='ocr_line' id='line_1_17' title="bbox 539 1409 1966 1465; baseline -0.001 -9"><span class='ocrx_word' id='word_1_133' title='bbox 539 1414 647 1456; x_wconf 88' lang='lat' dir='ltr'>Non</span> <span class='ocrx_word' id='word_1_134' title='bbox 668 1412 798 1455; x_wconf 85' lang='lat' dir='ltr'>lubet</span> <span class='ocrx_word' id='word_1_135' title='bbox 821 1411 947 1454; x_wconf 89' lang='lat' dir='ltr'>enim</span> <span class='ocrx_word' id='word_1_136' title='bbox 969 1410 1084 1453; x_wconf 86' lang='lat' dir='ltr'>mihi</span> <span class='ocrx_word' id='word_1_137' title='bbox 1106 1409 1346 1465; x_wconf 83' lang='lat' dir='ltr'>deplorare</span> <span class='ocrx_word' id='word_1_138' title='bbox 1369 1410 1528 1462; x_wconf 87' lang='lat' dir='ltr'>vitam,</span> <span class='ocrx_word' id='word_1_139' title='bbox 1555 1409 1681 1465; x_wconf 84' lang='lat' dir='ltr'>quod</span> <span class='ocrx_word' id='word_1_140' title='bbox 1706 1409 1842 1454; x_wconf 86' lang='lat' dir='ltr'>multi</span> <span class='ocrx_word' id='word_1_141' title='bbox 1865 1412 1966 1455; x_wconf 83' lang='lat' dir='ltr'>etii</span> 
     </span>
     <span class='ocr_line' id='line_1_18' title="bbox 538 1482 1968 1541; baseline 0.001 -14"><span class='ocrx_word' id='word_1_142' title='bbox 538 1486 662 1529; x_wconf 81' lang='lat' dir='ltr'>docti</span> <span class='ocrx_word' id='word_1_143' title='bbox 683 1500 819 1541; x_wconf 80' lang='lat' dir='ltr'>saepe</span> <span class='ocrx_word' id='word_1_144' title='bbox 841 1485 1077 1527; x_wconf 81' lang='lat' dir='ltr'>fecerunt:</span> <span class='ocrx_word' id='word_1_145' title='bbox 1111 1498 1262 1539; x_wconf 87' lang='lat' dir='ltr'>neque</span> <span class='ocrx_word' id='word_1_146' title='bbox 1286 1497 1358 1526; x_wconf 89' lang='lat' dir='ltr'>me</span> <span class='ocrx_word' id='word_1_147' title='bbox 1381 1482 1550 1525; x_wconf 85' lang='lat' dir='ltr'>vixisse</span> <span class='ocrx_word' id='word_1_148' title='bbox 1572 1483 1799 1539; x_wconf 85' lang='lat' dir='ltr'>poenitet,</span> <span class='ocrx_word' id='word_1_149' title='bbox 1823 1498 1968 1541; x_wconf 85' lang='lat' dir='ltr'>quon·</span> 
     </span>
     <span class='ocr_line' id='line_1_19' title="bbox 538 1555 1971 1609; baseline -0.001 -6"><span class='ocrx_word' id='word_1_150' title='bbox 538 1561 626 1603; x_wconf 76' lang='lat' dir='ltr'>iam</span> <span class='ocrx_word' id='word_1_151' title='bbox 651 1559 716 1601; x_wconf 74' lang='lat' dir='ltr'>ita</span> <span class='ocrx_word' id='word_1_152' title='bbox 737 1558 832 1601; x_wconf 84' lang='lat' dir='ltr'>vixi</span> <span class='ocrx_word' id='word_1_153' title='bbox 858 1562 908 1600; x_wconf 81' lang='lat' dir='ltr'>ut</span> <span class='ocrx_word' id='word_1_154' title='bbox 929 1571 1023 1600; x_wconf 90' lang='lat' dir='ltr'>non</span> <span class='ocrx_word' id='word_1_155' title='bbox 1046 1557 1220 1599; x_wconf 73' lang='lat' dir='ltr'>frustra</span> <span class='ocrx_word' id='word_1_156' title='bbox 1242 1570 1315 1599; x_wconf 89' lang='lat' dir='ltr'>me</span> <span class='ocrx_word' id='word_1_157' title='bbox 1336 1560 1498 1599; x_wconf 82' lang='lat' dir='ltr'>natum</span> <span class='ocrx_word' id='word_1_158' title='bbox 1521 1555 1783 1600; x_wconf 80' lang='lat' dir='ltr'>existimem</span> <span class='ocrx_word' id='word_1_159' title='bbox 1805 1573 1816 1609; x_wconf 74' lang='grc' dir='ltr'><strong><em>ς</em></strong></span> <span class='ocrx_word' id='word_1_160' title='bbox 1840 1561 1890 1601; x_wconf 90' lang='lat' dir='ltr'>et</span> <span class='ocrx_word' id='word_1_161' title='bbox 1911 1572 1971 1602; x_wconf 82' lang='lat' dir='ltr'>ex</span> 
     </span>
     <span class='ocr_line' id='line_1_20' title="bbox 538 1629 1970 1686; baseline -0.001 -10"><span class='ocrx_word' id='word_1_162' title='bbox 538 1634 635 1677; x_wconf 86' lang='lat' dir='ltr'>vita</span> <span class='ocrx_word' id='word_1_163' title='bbox 656 1634 722 1675; x_wconf 85' lang='lat' dir='ltr'>ita</span> <span class='ocrx_word' id='word_1_164' title='bbox 743 1631 930 1674; x_wconf 86' lang='lat' dir='ltr'>discedo</span> <span class='ocrx_word' id='word_1_165' title='bbox 952 1634 1190 1686; x_wconf 83' lang='lat' dir='ltr'>tamquam</span> <span class='ocrx_word' id='word_1_166' title='bbox 1213 1643 1271 1672; x_wconf 86' lang='lat' dir='ltr'>ex</span> <span class='ocrx_word' id='word_1_167' title='bbox 1292 1629 1496 1685; x_wconf 86' lang='lat' dir='ltr'>hospitio</span> <span class='ocrx_word' id='word_1_168' title='bbox 1518 1643 1613 1672; x_wconf 89' lang='lat' dir='ltr'>non</span> <span class='ocrx_word' id='word_1_169' title='bbox 1649 1633 1888 1686; x_wconf 79' lang='lat' dir='ltr'>tamquam</span> <span class='ocrx_word' id='word_1_170' title='bbox 1911 1644 1970 1675; x_wconf 85' lang='lat' dir='ltr'>ex</span> 
     </span>
     <span class='ocr_line' id='line_1_21' title="bbox 538 1701 1963 1765; baseline -0.001 -15"><span class='ocrx_word' id='word_1_171' title='bbox 538 1707 687 1750; x_wconf 91' lang='lat' dir='ltr'>domo.</span> <span class='ocrx_word' id='word_1_172' title='bbox 755 1702 1083 1765; x_wconf 49' lang='lat' dir='ltr'>(jovum-orandi</span> <span class='ocrx_word' id='word_1_173' title='bbox 1105 1702 1229 1745; x_wconf 90' lang='lat' dir='ltr'>enim</span> <span class='ocrx_word' id='word_1_174' title='bbox 1266 1706 1434 1745; x_wconf 80' lang='lat' dir='ltr'>natura</span> <span class='ocrx_word' id='word_1_175' title='bbox 1469 1701 1789 1764; x_wconf 57' lang='lat' dir='ltr'>deversorium</span> <span class='ocrx_word' id='word_1_176' title='bbox 1811 1703 1963 1760; x_wconf 78' lang='lat' dir='ltr'>nobis,</span> 
     </span>
    </p>

    <p class='ocr_par' dir='ltr' id='par_1_4' title="bbox 463 1775 2024 2566">
     <span class='ocr_line' id='line_1_22' title="bbox 463 1775 1968 1832; baseline -0.001 -8"><span class='ocrx_word' id='word_1_177' title='bbox 463 1782 519 1824; x_wconf 80' lang='lat'>85</span> <span class='ocrx_word' id='word_1_178' title='bbox 541 1795 634 1823; x_wconf 88' lang='lat' dir='ltr'>non</span> <span class='ocrx_word' id='word_1_179' title='bbox 656 1778 900 1823; x_wconf 69' lang='lat' dir='ltr'>habitandi</span> <span class='ocrx_word' id='word_1_180' title='bbox 932 1777 1075 1819; x_wconf 87' lang='lat' dir='ltr'>dedit.</span> <span class='ocrx_word' id='word_1_181' title='bbox 1144 1775 1183 1819; x_wconf 93' lang='grc' dir='ltr'>Ο</span> <span class='ocrx_word' id='word_1_182' title='bbox 1225 1775 1511 1832; x_wconf 81' lang='lat' dir='ltr'>praeclarum</span> <span class='ocrx_word' id='word_1_183' title='bbox 1549 1775 1688 1831; x_wconf 86' lang='lat' dir='ltr'>diem,</span> <span class='ocrx_word' id='word_1_184' title='bbox 1725 1789 1869 1832; x_wconf 88' lang='lat' dir='ltr'>quum</span> <span class='ocrx_word' id='word_1_185' title='bbox 1907 1779 1968 1822; x_wconf 76' lang='lat' dir='ltr'>ad</span> 
     </span>
     <span class='ocr_line' id='line_1_23' title="bbox 539 1848 1969 1910; baseline -0.001 -14"><span class='ocrx_word' id='word_1_186' title='bbox 539 1853 656 1896; x_wconf 88' lang='lat' dir='ltr'>illud</span> <span class='ocrx_word' id='word_1_187' title='bbox 697 1852 908 1894; x_wconf 83' lang='lat' dir='ltr'>divinum</span> <span class='ocrx_word' id='word_1_188' title='bbox 949 1850 1207 1893; x_wconf 83' lang='lat' dir='ltr'>animorum</span> <span class='ocrx_word' id='word_1_189' title='bbox 1238 1848 1484 1891; x_wconf 83' lang='lat' dir='ltr'>concilium</span> <span class='ocrx_word' id='word_1_190' title='bbox 1522 1853 1798 1910; x_wconf 57' lang='lat' dir='ltr'>coetumque</span> <span class='ocrx_word' id='word_1_191' title='bbox 1834 1850 1969 1907; x_wconf 91' lang='lat' dir='ltr'>profi-</span> 
     </span>
     <span class='ocr_line' id='line_1_24' title="bbox 538 1921 1967 1985; baseline -0.001 -16"><span class='ocrx_word' id='word_1_192' title='bbox 538 1926 680 1969; x_wconf 83' lang='lat' dir='ltr'>ciscar</span> <span class='ocrx_word' id='word_1_193' title='bbox 701 1937 938 1979; x_wconf 85' lang='lat' dir='ltr'>quumque</span> <span class='ocrx_word' id='word_1_194' title='bbox 971 1936 1028 1965; x_wconf 85' lang='lat' dir='ltr'>ex</span> <span class='ocrx_word' id='word_1_195' title='bbox 1059 1921 1144 1965; x_wconf 85' lang='lat' dir='ltr'>hac</span> <span class='ocrx_word' id='word_1_196' title='bbox 1165 1921 1302 1964; x_wconf 75' lang='lat' dir='ltr'>turba</span> <span class='ocrx_word' id='word_1_197' title='bbox 1323 1926 1370 1963; x_wconf 84' lang='lat' dir='ltr'>et</span> <span class='ocrx_word' id='word_1_198' title='bbox 1401 1921 1662 1985; x_wconf 59' lang='lat' dir='ltr'>collgvione</span> <span class='ocrx_word' id='word_1_199' title='bbox 1698 1921 1934 1967; x_wconf 83' lang='lat' dir='ltr'>discedam</span> <span class='ocrx_word' id='word_1_200' title='bbox 1957 1925 1967 1967; x_wconf 90' lang='lat'><strong>!</strong></span> 
     </span>
     <span class='ocr_line' id='line_1_25' title="bbox 541 1993 1970 2051; baseline -0.001 -9"><span class='ocrx_word' id='word_1_201' title='bbox 541 1998 808 2042; x_wconf 87' lang='lat' dir='ltr'>Proficiscar</span> <span class='ocrx_word' id='word_1_202' title='bbox 823 1995 948 2039; x_wconf 87' lang='lat' dir='ltr'>enim</span> <span class='ocrx_word' id='word_1_203' title='bbox 962 2010 1056 2038; x_wconf 86' lang='lat' dir='ltr'>nou</span> <span class='ocrx_word' id='word_1_204' title='bbox 1072 1998 1130 2038; x_wconf 80' lang='lat' dir='ltr'>ad</span> <span class='ocrx_word' id='word_1_205' title='bbox 1145 2010 1222 2038; x_wconf 88' lang='lat' dir='ltr'>eos</span> <span class='ocrx_word' id='word_1_206' title='bbox 1240 1994 1390 2037; x_wconf 83' lang='lat' dir='ltr'>solum</span> <span class='ocrx_word' id='word_1_207' title='bbox 1406 1994 1540 2048; x_wconf 88' lang='lat' dir='ltr'>viros,</span> <span class='ocrx_word' id='word_1_208' title='bbox 1563 1993 1620 2037; x_wconf 86' lang='lat' dir='ltr'>de</span> <span class='ocrx_word' id='word_1_209' title='bbox 1636 1995 1807 2051; x_wconf 89' lang='lat' dir='ltr'>quibus</span> <span class='ocrx_word' id='word_1_210' title='bbox 1827 1996 1970 2041; x_wconf 67' lang='lat' dir='ltr'>anted</span> 
     </span>
     <span class='ocr_line' id='line_1_26' title="bbox 539 2067 1964 2124; baseline -0.001 -8"><span class='ocrx_word' id='word_1_211' title='bbox 539 2073 636 2116; x_wconf 81' lang='lat' dir='ltr'>dixi</span> <span class='ocrx_word' id='word_1_212' title='bbox 660 2089 669 2124; x_wconf 94' lang='grc'>;</span> <span class='ocrx_word' id='word_1_213' title='bbox 702 2085 862 2114; x_wconf 85' lang='lat' dir='ltr'>verum</span> <span class='ocrx_word' id='word_1_214' title='bbox 885 2069 1024 2113; x_wconf 78' lang='lat' dir='ltr'>etiam</span> <span class='ocrx_word' id='word_1_215' title='bbox 1046 2068 1104 2111; x_wconf 84' lang='lat' dir='ltr'>ad</span> <span class='ocrx_word' id='word_1_216' title='bbox 1141 2067 1365 2111; x_wconf 82' lang='lat' dir='ltr'>Catonem</span> <span class='ocrx_word' id='word_1_217' title='bbox 1392 2082 1559 2121; x_wconf 79' lang='lat' dir='ltr'>meum,</span> <span class='ocrx_word' id='word_1_218' title='bbox 1586 2082 1680 2124; x_wconf 88' lang='lat' dir='ltr'>quo</span> <span class='ocrx_word' id='word_1_219' title='bbox 1717 2082 1854 2113; x_wconf 87' lang='lat' dir='ltr'>nemo</span> <span class='ocrx_word' id='word_1_220' title='bbox 1890 2070 1964 2114; x_wconf 84' lang='lat' dir='ltr'>vir</span> 
     </span>
     <span class='ocr_line' id='line_1_27' title="bbox 539 2140 1965 2199; baseline -0.002 -10"><span class='ocrx_word' id='word_1_221' title='bbox 539 2145 702 2189; x_wconf 88' lang='lat' dir='ltr'>melior</span> <span class='ocrx_word' id='word_1_222' title='bbox 724 2150 859 2186; x_wconf 79' lang='lat' dir='ltr'>uatus</span> <span class='ocrx_word' id='word_1_223' title='bbox 881 2148 966 2195; x_wconf 83' lang='lat' dir='ltr'>est,</span> <span class='ocrx_word' id='word_1_224' title='bbox 993 2156 1128 2185; x_wconf 83' lang='lat' dir='ltr'>nemo</span> <span class='ocrx_word' id='word_1_225' title='bbox 1150 2141 1324 2197; x_wconf 88' lang='lat' dir='ltr'>pietate</span> <span class='ocrx_word' id='word_1_226' title='bbox 1356 2140 1694 2196; x_wconf 80' lang='lat' dir='ltr'>praestantior!</span> <span class='ocrx_word' id='word_1_227' title='bbox 1759 2141 1907 2199; x_wconf 86' lang='lat' dir='ltr'>Cujus</span> <span class='ocrx_word' id='word_1_228' title='bbox 1938 2157 1965 2186; x_wconf 74' lang='lat' dir='ltr'><strong>a</strong></span> 
     </span>
     <span class='ocr_line' id='line_1_28' title="bbox 541 2212 2024 2273; baseline -0.002 -10"><span class='ocrx_word' id='word_1_229' title='bbox 541 2234 612 2263; x_wconf 84' lang='lat' dir='ltr'>me</span> <span class='ocrx_word' id='word_1_230' title='bbox 633 2232 797 2273; x_wconf 85' lang='lat' dir='ltr'>corpus</span> <span class='ocrx_word' id='word_1_231' title='bbox 831 2218 1085 2258; x_wconf 80' lang='lat' dir='ltr'>crematum</span> <span class='ocrx_word' id='word_1_232' title='bbox 1122 2216 1208 2265; x_wconf 89' lang='lat' dir='ltr'>est,</span> <span class='ocrx_word' id='word_1_233' title='bbox 1234 2213 1358 2270; x_wconf 90' lang='lat' dir='ltr'>quod</span> <span class='ocrx_word' id='word_1_234' title='bbox 1397 2217 1558 2256; x_wconf 81' lang='lat' dir='ltr'>contra.</span> <span class='ocrx_word' id='word_1_235' title='bbox 1591 2212 1748 2257; x_wconf 85' lang='lat' dir='ltr'>decuit</span> <span class='ocrx_word' id='word_1_236' title='bbox 1784 2215 1844 2259; x_wconf 78' lang='lat' dir='ltr'>ab</span> <span class='ocrx_word' id='word_1_237' title='bbox 1879 2214 1962 2260; x_wconf 85' lang='lat' dir='ltr'>illo</span> <span class='ocrx_word' id='word_1_238' title='bbox 2021 2265 2024 2270; x_wconf 56' lang='grc'>,</span> 
     </span>
     <span class='ocr_line' id='line_1_29' title="bbox 540 2286 1965 2353; baseline -0.002 -17"><span class='ocrx_word' id='word_1_239' title='bbox 540 2307 693 2336; x_wconf 84' lang='lat' dir='ltr'>meum</span> <span class='ocrx_word' id='word_1_240' title='bbox 717 2306 725 2334; x_wconf 89' lang='lat'>:</span> <span class='ocrx_word' id='word_1_241' title='bbox 764 2290 946 2333; x_wconf 82' lang='lat' dir='ltr'>animus</span> <span class='ocrx_word' id='word_1_242' title='bbox 972 2303 1077 2331; x_wconf 83' lang='lat' dir='ltr'>vero</span> <span class='ocrx_word' id='word_1_243' title='bbox 1099 2301 1193 2330; x_wconf 86' lang='lat' dir='ltr'>non</span> <span class='ocrx_word' id='word_1_244' title='bbox 1226 2302 1300 2330; x_wconf 91' lang='lat' dir='ltr'>me</span> <span class='ocrx_word' id='word_1_245' title='bbox 1322 2286 1551 2353; x_wconf 56' lang='lat' dir='ltr'>desegens,</span> <span class='ocrx_word' id='word_1_246' title='bbox 1579 2287 1660 2330; x_wconf 85' lang='lat' dir='ltr'>sed</span> <span class='ocrx_word' id='word_1_247' title='bbox 1698 2292 1965 2345; x_wconf 78' lang='lat' dir='ltr'>respectans</span> 
     </span>
     <span class='ocr_line' id='line_1_30' title="bbox 541 2360 1970 2421; baseline -0.003 -11"><span class='ocrx_word' id='word_1_248' title='bbox 541 2368 587 2410; x_wconf 89' lang='lat' dir='ltr'>in</span> <span class='ocrx_word' id='word_1_249' title='bbox 610 2381 663 2409; x_wconf 73' lang='lat' dir='ltr'>ea</span> <span class='ocrx_word' id='word_1_250' title='bbox 683 2364 891 2421; x_wconf 85' lang='lat' dir='ltr'>profecto</span> <span class='ocrx_word' id='word_1_251' title='bbox 913 2362 1012 2405; x_wconf 80' lang='lat' dir='ltr'>loca</span> <span class='ocrx_word' id='word_1_252' title='bbox 1033 2361 1257 2410; x_wconf 83' lang='lat' dir='ltr'>discessit,</span> <span class='ocrx_word' id='word_1_253' title='bbox 1270 2375 1362 2418; x_wconf 89' lang='lat' dir='ltr'>quo</span> <span class='ocrx_word' id='word_1_254' title='bbox 1381 2360 1494 2403; x_wconf 84' lang='lat' dir='ltr'>mihi</span> <span class='ocrx_word' id='word_1_255' title='bbox 1516 2360 1605 2417; x_wconf 91' lang='lat' dir='ltr'>ipsi</span> <span class='ocrx_word' id='word_1_256' title='bbox 1626 2361 1848 2405; x_wconf 82' lang='lat' dir='ltr'>cernebat</span> <span class='ocrx_word' id='word_1_257' title='bbox 1869 2377 1970 2414; x_wconf 76' lang='lat' dir='ltr'>esse</span> 
     </span>
     <span class='ocr_line' id='line_1_31' title="bbox 541 2433 1968 2495; baseline -0.001 -13"><span class='ocrx_word' id='word_1_258' title='bbox 541 2438 834 2485; x_wconf 87' lang='lat' dir='ltr'>veniendum.</span> <span class='ocrx_word' id='word_1_259' title='bbox 904 2435 1052 2488; x_wconf 84' lang='lat' dir='ltr'>Quem</span> <span class='ocrx_word' id='word_1_260' title='bbox 1082 2448 1166 2490; x_wconf 83' lang='lat' dir='ltr'>ego</span> <span class='ocrx_word' id='word_1_261' title='bbox 1195 2448 1350 2477; x_wconf 89' lang='lat' dir='ltr'>meum</span> <span class='ocrx_word' id='word_1_262' title='bbox 1372 2447 1528 2495; x_wconf 62' lang='lat' dir='ltr'>caspm</span> <span class='ocrx_word' id='word_1_263' title='bbox 1549 2433 1738 2479; x_wconf 81' lang='lat' dir='ltr'>fortiter</span> <span class='ocrx_word' id='word_1_264' title='bbox 1757 2435 1883 2480; x_wconf 81' lang='lat' dir='ltr'>ferre</span> <span class='ocrx_word' id='word_1_265' title='bbox 1903 2437 1968 2480; x_wconf 83' lang='lat' dir='ltr'>vi·</span> 
     </span>
     <span class='ocr_line' id='line_1_32' title="bbox 540 2505 1969 2566; baseline -0.003 -8"><span class='ocrx_word' id='word_1_266' title='bbox 540 2529 617 2558; x_wconf 73' lang='lat' dir='ltr'>sus</span> <span class='ocrx_word' id='word_1_267' title='bbox 638 2527 739 2555; x_wconf 85' lang='lat' dir='ltr'>sum</span> <span class='ocrx_word' id='word_1_268' title='bbox 761 2524 773 2566; x_wconf 80' lang='lat'>3</span> <span class='ocrx_word' id='word_1_269' title='bbox 805 2524 899 2552; x_wconf 86' lang='lat' dir='ltr'>non</span> <span class='ocrx_word' id='word_1_270' title='bbox 920 2523 1013 2566; x_wconf 90' lang='lat' dir='ltr'>quo</span> <span class='ocrx_word' id='word_1_271' title='bbox 1034 2508 1190 2551; x_wconf 81' lang='lat' dir='ltr'>animo</span> <span class='ocrx_word' id='word_1_272' title='bbox 1212 2507 1395 2563; x_wconf 74' lang='lat' dir='ltr'>ferrem,</span> <span class='ocrx_word' id='word_1_273' title='bbox 1423 2505 1504 2550; x_wconf 86' lang='lat' dir='ltr'>sed</span> <span class='ocrx_word' id='word_1_274' title='bbox 1540 2521 1614 2551; x_wconf 85' lang='lat' dir='ltr'>me</span> <span class='ocrx_word' id='word_1_275' title='bbox 1636 2506 1736 2565; x_wconf 84' lang='lat' dir='ltr'>ipse</span> <span class='ocrx_word' id='word_1_276' title='bbox 1759 2506 1969 2555; x_wconf 64' lang='lat' dir='ltr'>consob-</span> 
     </span>
    </p>
   </div>
   <div class='ocr_carea' id='block_1_3' title="bbox 2035 0 2118 2912">
    <p class='ocr_par' dir='ltr' id='par_1_5' title="bbox 2035 0 2118 2912">
     <span class='ocr_line' id='line_1_33' title="bbox 2035 0 2118 2912; baseline 0 0"><span class='ocrx_word' id='word_1_277' title='bbox 2035 0 2118 2912; x_wconf 95' lang='lat' dir='ltr'> </span> 
     </span>
    </p>
   </div>
  </div>
 </body>
</html>
