2118 2912
778 194 896 224 cA'ro
927 195 1100 226 mon.
1517 194 1527 200 ·
1559 185 1611 228 61

197 300 268 341 est
287 312 466 343 carere:
487 296 667 341 satiatis
682 311 792 341 vero
813 301 862 341 et
883 298 1080 354 expletis
1099 299 1353 355 jucundius
1372 303 1443 343 est
1463 315 1618 345 carere

195 385 334 428 quam
355 371 461 413 frui.
499 370 790 428 Quamquam
799 385 901 429 pon
922 376 1047 414 caret
1070 372 1121 426 is,
1144 373 1336 428 quinon
1358 372 1616 420 desiderat:

197 458 280 499 ego
301 458 395 485 non
418 443 678 486 desiderare
701 443 803 486 dico
835 458 934 486 esse
965 444 1229 499 jucundius.
1299 444 1434 497 Quod
1455 446 1494 488 si
1515 446 1616 489 istis
1637 448 1694 490 48

196 516 308 573 ipsis
329 515 646 572 voluptatibus
667 515 790 558 bona
810 519 936 558 aetas
958 516 1132 558 fruitur
1153 516 1390 570 libentius,
1416 518 1617 573 primum

197 588 400 650 parvulis
422 587 594 630 fruitur
616 587 766 640 rebus,
797 590 848 629 ut
882 586 1112 630 diximus:
1147 587 1316 630 deinde
1351 588 1420 643 iis,
1447 589 1617 645 quibus

196 666 422 715 senectus,
447 660 487 703 si
506 675 601 702 non
621 659 806 703 abunde
827 660 1018 715 potitur,
1046 674 1140 702 non
1163 661 1352 703 omnino
1373 666 1510 705 caret.
1549 663 1616 706 Ut

197 734 431 791 Turpione
470 732 690 776 Ambivio
727 732 871 789 magis
922 732 1192 783 delectatur,
1239 735 1319 790 qui
1369 735 1419 777 in
1469 735 1618 790 prima

197 822 335 862 cavea
366 810 559 863 spectat,
585 806 844 849 delectatur
874 809 1031 848 tamen
1054 806 1208 860 etiam,
1235 808 1315 863 qui
1346 808 1395 850 in
1421 808 1584 850 ultima
1605 823 1614 851 ε

197 881 263 924 sic
284 878 596 922 adolescentia
617 878 882 933 voluptates
918 882 1109 937 propter
1129 879 1317 937 intuens
1350 880 1493 935 magis
1526 881 1618 923 for-

198 957 319 996 tasse
340 951 556 1005 laetatur,
581 950 663 993 sed
684 949 946 992 delectatur
967 950 1106 993 etiam
1130 957 1342 993 senectus
1362 952 1521 1006 procul
1544 968 1619 995 eas

199 1028 409 1081 spectans
431 1027 628 1076 tantum,
653 1025 881 1079 quantum
904 1025 975 1064 sat
996 1026 1077 1064 est.
1147 1023 1304 1065 Atilia
1325 1025 1488 1079 quanti
1506 1030 1615 1067 sunt
1639 1026 1695 1067 49

199 1097 404 1139 animum
426 1099 658 1151 tamquam
682 1093 887 1156 eme-ritis
908 1093 1154 1148 stipendiis
1185 1094 1408 1149 libidinis,
1434 1096 1617 1138 ambiti-

200 1169 314 1221 onis,
342 1166 669 1218 contentionis,
698 1164 1062 1219 inimicitiarum,
1081 1165 1392 1220 cupiditatum
1413 1167 1618 1209 omnium

200 1255 355 1285 secum
385 1253 484 1282 esse
518 1252 778 1294 secumque,
816 1242 869 1279 ut
890 1236 1075 1290 dicitur,
1105 1237 1271 1280 vivere.
1340 1237 1390 1281 Si
1412 1253 1520 1281 vero
1541 1239 1618 1282 ha-

199 1315 280 1358 bet
300 1311 487 1369 aliquod
508 1315 745 1367 tamquam
767 1309 988 1366 pabulum
1018 1309 1160 1352 studii
1193 1315 1332 1366 atque
1364 1310 1616 1362 doctrinae,

200 1385 320 1430 nihil
341 1388 413 1428 est
432 1384 579 1427 otiosa
599 1385 839 1425 senectute
859 1381 1122 1438 jucundius.
1181 1381 1306 1424 Mori
1327 1397 1474 1438 paene
1496 1383 1619 1426 vide-

201 1460 304 1503 bam
312 1473 363 1500 us
384 1457 432 1499 in
454 1455 608 1499 studio
626 1453 901 1497 dimetiendi
917 1453 1031 1496 caeli
1047 1459 1188 1510 atque
1205 1459 1355 1497 terrae
1373 1454 1420 1497 O.
1437 1454 1620 1498 Gallum

203 1530 477 1574 familiarem
497 1528 643 1584 patris
663 1527 754 1579 tui,
777 1525 931 1582 Scipio
952 1528 960 1568 Σ
1015 1525 1207 1579 Quoties
1228 1526 1359 1569 illum
1380 1526 1461 1570 lux
1484 1531 1621 1571 noctu

203 1601 380 1658 aliquid
415 1599 676 1643 describere
715 1597 990 1653 ingressum,
1034 1598 1218 1653 quoties
1259 1612 1352 1640 nox
1393 1600 1621 1654 oppressit

203 1689 347 1734 quum
374 1687 509 1717 mane
530 1672 755 1728 coepisset
779 1672 788 1713 Ξ
842 1670 1000 1723 vQuam
1037 1670 1296 1713 delectabat
1332 1686 1439 1715 eum
1474 1672 1622 1731 detec—

205 1750 357 1793 tiones
377 1746 487 1789 solis
508 1749 556 1789 et
575 1744 714 1788 lunae
733 1743 884 1786 multo
903 1743 1038 1786 nobis
1050 1748 1159 1786 ante
1181 1744 1467 1799 praedicere!
1502 1745 1623 1798 Quid
1646 1747 1701 1788 50

205 1823 255 1866 in
276 1819 529 1864 levioribus
550 1816 731 1869 studiis,
758 1817 839 1859 sed
861 1820 1019 1859 tamen
1040 1817 1187 1858 acutis
1203 1821 1219 1859 ’.ί
1280 1816 1427 1869 Quam
1458 1817 1622 1873 gaude-

206 1896 287 1939 bat
306 1892 437 1937 bello.
450 1905 534 1934 suo
555 1889 736 1932 Punico
758 1888 989 1932 Naevius!
1021 1902 1160 1945 quam
1182 1889 1466 1932 Truculento
1488 1890 1624 1934 Plau-

208 1969 306 2012 tus!
338 1980 478 2024 quam
498 1962 730 2007 Pseudolo
751 1965 760 2005 Ξ
804 1961 919 2004 Vidi
942 1961 1082 2004 etiam
1104 1976 1260 2004 senem
1283 1961 1495 2006 Livium:
1528 1964 1621 2020 qui,

207 2054 351 2100 quum
372 2051 453 2080 sex
472 2035 606 2079 annis
627 2037 736 2077 ante
757 2048 895 2091 quam
927 2047 1010 2090 ego
1041 2038 1179 2075 natus
1200 2048 1302 2076 sum
1322 2034 1523 2076 fabulam
1549 2034 1624 2076 do-

210 2114 395 2165 cuisset,
413 2110 622 2153 Centone
638 2106 964 2163 Tuditanoque
981 2105 1261 2159 consulibus,
1285 2120 1430 2162 usque
1446 2107 1506 2149 ad
1520 2107 1624 2150 ado-

210 2183 478 2228 lescentiam
499 2193 648 2222 meam
668 2178 891 2234 processit
911 2182 1075 2219 aetate.
1145 2176 1268 2228 Quid
1291 2177 1348 2220 de
1378 2177 1430 2220 P.
1460 2177 1627 2220 Licinii

211 2256 363 2301 Crassi
383 2258 431 2297 et
451 2250 676 2309 pontificii
697 2253 746 2293 et
767 2249 915 2292 civilis
935 2249 1055 2305 juris
1075 2249 1230 2291 studio
1252 2248 1441 2306 loquar?
1469 2254 1551 2292 aut
1572 2250 1629 2292 dc

210 2330 353 2387 hujus
395 2327 447 2370 P.
491 2323 733 2380 Scipionis,
777 2322 859 2380 qui
901 2322 974 2364 his
1013 2322 1171 2377 paucis
1212 2321 1375 2364 diebus
1414 2323 1629 2378 pontifex

213 2400 438 2446 maximus
457 2398 608 2441 factus
629 2397 700 2439 est
718 2395 729 2438 1
789 2393 936 2451 Atqui
958 2407 1036 2436 eos
1057 2406 1232 2447 omnem
1249 2407 1364 2450 quos
1386 2407 1626 2436 commem-

213 2473 355 2529 oravi,
379 2470 452 2520 his
491 2468 659 2515 studiis
694 2466 943 2532 flagrantes
979 2479 1112 2510 senes
1146 2465 1360 2509 vidimus.
1428 2465 1498 2510 M.
1522 2480 1631 2514 vero
