<?xml version="1.0" encoding="UTF-8"?>
<!DOCTYPE html PUBLIC "-//W3C//DTD XHTML 1.0 Transitional//EN"
    "http://www.w3.org/TR/xhtml1/DTD/xhtml1-transitional.dtd">
<html xmlns="http://www.w3.org/1999/xhtml" xml:lang="en" lang="en">
 <head>
  <title>
</title>
<meta http-equiv="Content-Type" content="text/html;charset=utf-8" />
  <meta name='ocr-system' content='tesseract 3.04.00' />
  <meta name='ocr-capabilities' content='ocr_page ocr_carea ocr_par ocr_line ocrx_word'/>
</head>
<body>
  <div class='ocr_page' id='page_1' title='image "./catomajordesenec00ciceuoft_0077.png"; bbox 0 0 2118 2912; ppageno 0'>
   <div class='ocr_carea' id='block_1_1' title="bbox 0 0 150 2912">
    <p class='ocr_par' dir='ltr' id='par_1_1' title="bbox 0 0 150 2912">
     <span class='ocr_line' id='line_1_1' title="bbox 0 0 150 2912; baseline 0 0"><span class='ocrx_word' id='word_1_1' title='bbox 0 0 150 2912; x_wconf 95' lang='lat' dir='ltr'><strong> </strong></span> 
     </span>
    </p>
   </div>
   <div class='ocr_carea' id='block_1_2' title="bbox 750 194 1588 245">
    <p class='ocr_par' dir='ltr' id='par_1_2' title="bbox 750 194 1588 245">
     <span class='ocr_line' id='line_1_2' title="bbox 750 194 1588 245; baseline 0 -3"><span class='ocrx_word' id='word_1_2' title='bbox 750 212 869 242; x_wconf 73' lang='lat' dir='ltr'><strong>cA&#39;ro</strong></span> <span class='ocrx_word' id='word_1_3' title='bbox 901 211 1075 243; x_wconf 66' lang='lat' dir='ltr'><strong>mon.</strong></span> <span class='ocrx_word' id='word_1_4' title='bbox 1516 194 1588 245; x_wconf 77' lang='lat'><strong>&#39;73</strong></span> 
     </span>
    </p>
   </div>
   <div class='ocr_carea' id='block_1_3' title="bbox 146 315 1662 1022">
    <p class='ocr_par' dir='ltr' id='par_1_3' title="bbox 146 315 1662 1022">
     <span class='ocr_line' id='line_1_3' title="bbox 166 315 1582 373; baseline -0.002 -11"><span class='ocrx_word' id='word_1_5' title='bbox 166 316 364 362; x_wconf 76' lang='lat' dir='ltr'><strong>destruit</strong></span> <span class='ocrx_word' id='word_1_6' title='bbox 383 316 616 372; x_wconf 78' lang='lat' dir='ltr'><strong>facillime,</strong></span> <span class='ocrx_word' id='word_1_7' title='bbox 641 316 722 373; x_wconf 90' lang='lat' dir='ltr'><strong>qui</strong></span> <span class='ocrx_word' id='word_1_8' title='bbox 754 316 1013 360; x_wconf 74' lang='lat' dir='ltr'><strong>construxit</strong></span> <span class='ocrx_word' id='word_1_9' title='bbox 1032 332 1044 368; x_wconf 88' lang='lat'>;</span> <span class='ocrx_word' id='word_1_10' title='bbox 1076 316 1142 359; x_wconf 76' lang='lat' dir='ltr'><strong>sic</strong></span> <span class='ocrx_word' id='word_1_11' title='bbox 1161 315 1399 359; x_wconf 89' lang='lat' dir='ltr'><strong>hominem</strong></span> <span class='ocrx_word' id='word_1_12' title='bbox 1421 315 1582 359; x_wconf 85' lang='lat' dir='ltr'><strong>eadem</strong></span> 
     </span>
     <span class='ocr_line' id='line_1_4' title="bbox 146 387 1584 447; baseline -0.003 -13"><span class='ocrx_word' id='word_1_13' title='bbox 146 391 354 447; x_wconf 85' lang='lat' dir='ltr'><strong>optime,</strong></span> <span class='ocrx_word' id='word_1_14' title='bbox 401 404 519 447; x_wconf 91' lang='lat' dir='ltr'><strong>quae</strong></span> <span class='ocrx_word' id='word_1_15' title='bbox 555 389 907 445; x_wconf 68' lang='lat' dir='ltr'><strong>conglutinavit,</strong></span> <span class='ocrx_word' id='word_1_16' title='bbox 953 391 1121 431; x_wconf 90' lang='lat' dir='ltr'><strong>natura</strong></span> <span class='ocrx_word' id='word_1_17' title='bbox 1161 388 1387 432; x_wconf 81' lang='lat' dir='ltr'><strong>dissolvit.</strong></span> <span class='ocrx_word' id='word_1_18' title='bbox 1475 387 1584 430; x_wconf 87' lang='lat' dir='ltr'><strong>Jam</strong></span> 
     </span>
     <span class='ocr_line' id='line_1_5' title="bbox 167 460 1585 528; baseline -0.003 -22"><span class='ocrx_word' id='word_1_19' title='bbox 167 463 317 506; x_wconf 83' lang='lat' dir='ltr'><strong>omnis</strong></span> <span class='ocrx_word' id='word_1_20' title='bbox 337 462 674 518; x_wconf 71' lang='lat' dir='ltr'>conglutinatio</span> <span class='ocrx_word' id='word_1_21' title='bbox 695 475 854 503; x_wconf 84' lang='lat' dir='ltr'><strong>recens</strong></span> <span class='ocrx_word' id='word_1_22' title='bbox 887 475 1034 528; x_wconf 71' lang='lat' dir='ltr'><strong>aegre,</strong></span> <span class='ocrx_word' id='word_1_23' title='bbox 1063 461 1321 503; x_wconf 88' lang='lat' dir='ltr'><strong>inveterata</strong></span> <span class='ocrx_word' id='word_1_24' title='bbox 1348 460 1484 503; x_wconf 78' lang='lat' dir='ltr'><strong>facile</strong></span> <span class='ocrx_word' id='word_1_25' title='bbox 1520 460 1585 502; x_wconf 91' lang='lat' dir='ltr'><strong>di—</strong></span> 
     </span>
     <span class='ocr_line' id='line_1_6' title="bbox 165 532 1587 600; baseline -0.001 -22"><span class='ocrx_word' id='word_1_26' title='bbox 165 535 365 579; x_wconf 83' lang='lat' dir='ltr'><strong>vellitur.</strong></span> <span class='ocrx_word' id='word_1_27' title='bbox 432 535 509 577; x_wconf 89' lang='lat' dir='ltr'><strong>Ita</strong></span> <span class='ocrx_word' id='word_1_28' title='bbox 543 534 611 586; x_wconf 81' lang='lat' dir='ltr'><strong>fit,</strong></span> <span class='ocrx_word' id='word_1_29' title='bbox 654 537 705 575; x_wconf 90' lang='lat' dir='ltr'><strong>ut</strong></span> <span class='ocrx_word' id='word_1_30' title='bbox 747 532 863 575; x_wconf 89' lang='lat' dir='ltr'><strong>illud</strong></span> <span class='ocrx_word' id='word_1_31' title='bbox 903 532 1043 600; x_wconf 59' lang='lat' dir='ltr'><strong>brevse</strong></span> <span class='ocrx_word' id='word_1_32' title='bbox 1080 533 1202 575; x_wconf 87' lang='lat' dir='ltr'><strong>vitae</strong></span> <span class='ocrx_word' id='word_1_33' title='bbox 1235 532 1466 589; x_wconf 86' lang='lat' dir='ltr'><strong>reliquum</strong></span> <span class='ocrx_word' id='word_1_34' title='bbox 1502 547 1587 576; x_wconf 87' lang='lat' dir='ltr'><strong>nec</strong></span> 
     </span>
     <span class='ocr_line' id='line_1_7' title="bbox 164 606 1583 663; baseline -0.002 -12"><span class='ocrx_word' id='word_1_35' title='bbox 164 608 299 651; x_wconf 85' lang='lat' dir='ltr'><strong>avide</strong></span> <span class='ocrx_word' id='word_1_36' title='bbox 319 607 631 663; x_wconf 83' lang='lat' dir='ltr'><strong>appetendum</strong></span> <span class='ocrx_word' id='word_1_37' title='bbox 654 606 858 659; x_wconf 80' lang='lat' dir='ltr'><strong>senibus,</strong></span> <span class='ocrx_word' id='word_1_38' title='bbox 884 619 968 647; x_wconf 90' lang='lat' dir='ltr'><strong>nec</strong></span> <span class='ocrx_word' id='word_1_39' title='bbox 1000 606 1099 647; x_wconf 86' lang='lat' dir='ltr'><strong>sine</strong></span> <span class='ocrx_word' id='word_1_40' title='bbox 1121 620 1258 647; x_wconf 89' lang='lat' dir='ltr'><strong>causa</strong></span> <span class='ocrx_word' id='word_1_41' title='bbox 1281 606 1583 648; x_wconf 82' lang='lat' dir='ltr'><strong>deserendum</strong></span> 
     </span>
     <span class='ocr_line' id='line_1_8' title="bbox 164 678 1579 737; baseline -0.001 -14"><span class='ocrx_word' id='word_1_42' title='bbox 164 681 254 724; x_wconf 79' lang='lat' dir='ltr'><strong>sit:</strong></span> <span class='ocrx_word' id='word_1_43' title='bbox 286 684 504 737; x_wconf 80' lang='lat' dir='ltr'><strong>vetatque</strong></span> <span class='ocrx_word' id='word_1_44' title='bbox 535 679 824 734; x_wconf 82' lang='lat' dir='ltr'><strong>Pythagoras</strong></span> <span class='ocrx_word' id='word_1_45' title='bbox 860 678 1043 732; x_wconf 63' lang='lat' dir='ltr'><strong>injussu</strong></span> <span class='ocrx_word' id='word_1_46' title='bbox 1081 678 1385 733; x_wconf 81' lang='lat' dir='ltr'><strong>imperatoris,</strong></span> <span class='ocrx_word' id='word_1_47' title='bbox 1411 678 1459 720; x_wconf 85' lang='lat' dir='ltr'><strong>id.</strong></span> <span class='ocrx_word' id='word_1_48' title='bbox 1497 683 1579 731; x_wconf 85' lang='lat' dir='ltr'><strong>est,</strong></span> 
     </span>
     <span class='ocr_line' id='line_1_9' title="bbox 164 750 1662 808; baseline -0.001 -13"><span class='ocrx_word' id='word_1_49' title='bbox 164 753 255 807; x_wconf 90' lang='lat' dir='ltr'><strong>dei,</strong></span> <span class='ocrx_word' id='word_1_50' title='bbox 280 753 338 795; x_wconf 90' lang='lat' dir='ltr'><strong>de</strong></span> <span class='ocrx_word' id='word_1_51' title='bbox 371 751 599 808; x_wconf 81' lang='lat' dir='ltr'><strong>praesidio</strong></span> <span class='ocrx_word' id='word_1_52' title='bbox 635 762 682 793; x_wconf 80' lang='lat' dir='ltr'><strong>et</strong></span> <span class='ocrx_word' id='word_1_53' title='bbox 713 750 914 792; x_wconf 84' lang='lat' dir='ltr'><strong>statione</strong></span> <span class='ocrx_word' id='word_1_54' title='bbox 937 750 1060 791; x_wconf 86' lang='lat' dir='ltr'><strong>vitae</strong></span> <span class='ocrx_word' id='word_1_55' title='bbox 1097 750 1330 792; x_wconf 78' lang='lat' dir='ltr'>decedere.</span> <span class='ocrx_word' id='word_1_56' title='bbox 1401 750 1582 793; x_wconf 75' lang='lat' dir='ltr'><strong>Solonis</strong></span> <span class='ocrx_word' id='word_1_57' title='bbox 1606 753 1662 797; x_wconf 84' lang='lat'><strong>73</strong></span> 
     </span>
     <span class='ocr_line' id='line_1_10' title="bbox 163 822 1583 882; baseline -0.002 -14"><span class='ocrx_word' id='word_1_58' title='bbox 163 825 349 882; x_wconf 87' lang='lat' dir='ltr'><strong>quidem</strong></span> <span class='ocrx_word' id='word_1_59' title='bbox 371 824 592 881; x_wconf 82' lang='lat' dir='ltr'><strong>sapientis</strong></span> <span class='ocrx_word' id='word_1_60' title='bbox 615 823 813 879; x_wconf 82' lang='lat' dir='ltr'><strong>elogium</strong></span> <span class='ocrx_word' id='word_1_61' title='bbox 837 827 921 875; x_wconf 79' lang='lat' dir='ltr'><strong>est,</strong></span> <span class='ocrx_word' id='word_1_62' title='bbox 947 838 1040 878; x_wconf 87' lang='lat' dir='ltr'><strong>quo</strong></span> <span class='ocrx_word' id='word_1_63' title='bbox 1062 837 1110 864; x_wconf 83' lang='lat' dir='ltr'><strong>se</strong></span> <span class='ocrx_word' id='word_1_64' title='bbox 1142 826 1279 877; x_wconf 83' lang='lat' dir='ltr'><strong>negat</strong></span> <span class='ocrx_word' id='word_1_65' title='bbox 1302 822 1419 865; x_wconf 91' lang='lat' dir='ltr'><strong>velle</strong></span> <span class='ocrx_word' id='word_1_66' title='bbox 1455 838 1583 865; x_wconf 81' lang='lat' dir='ltr'><strong>suam</strong></span> 
     </span>
     <span class='ocr_line' id='line_1_11' title="bbox 162 889 1578 947; baseline -0.002 -7"><span class='ocrx_word' id='word_1_67' title='bbox 162 901 360 940; x_wconf 84' lang='lat' dir='ltr'><strong>mortem</strong></span> <span class='ocrx_word' id='word_1_68' title='bbox 391 896 549 939; x_wconf 83' lang='lat' dir='ltr'><strong>dolore</strong></span> <span class='ocrx_word' id='word_1_69' title='bbox 582 889 833 937; x_wconf 83' lang='lat' dir='ltr'><strong>amicorum</strong></span> <span class='ocrx_word' id='word_1_70' title='bbox 869 899 918 936; x_wconf 87' lang='lat' dir='ltr'><strong>et</strong></span> <span class='ocrx_word' id='word_1_71' title='bbox 953 893 1170 935; x_wconf 82' lang='lat' dir='ltr'><strong>lamentis</strong></span> <span class='ocrx_word' id='word_1_72' title='bbox 1204 909 1376 937; x_wconf 85' lang='lat' dir='ltr'><strong>vacare.</strong></span> <span class='ocrx_word' id='word_1_73' title='bbox 1446 895 1578 947; x_wconf 80' lang='lat' dir='ltr'><strong>Vult,</strong></span> 
     </span>
     <span class='ocr_line' id='line_1_12' title="bbox 162 966 1582 1022; baseline 0 -11"><span class='ocrx_word' id='word_1_74' title='bbox 162 970 312 1022; x_wconf 82' lang='lat' dir='ltr'><strong>credo,</strong></span> <span class='ocrx_word' id='word_1_75' title='bbox 339 984 388 1012; x_wconf 81' lang='lat' dir='ltr'><strong>se</strong></span> <span class='ocrx_word' id='word_1_76' title='bbox 425 984 523 1012; x_wconf 80' lang='lat' dir='ltr'><strong>esse</strong></span> <span class='ocrx_word' id='word_1_77' title='bbox 558 982 715 1010; x_wconf 86' lang='lat' dir='ltr'><strong>carum</strong></span> <span class='ocrx_word' id='word_1_78' title='bbox 751 967 875 1009; x_wconf 81' lang='lat' dir='ltr'><strong>suis:</strong></span> <span class='ocrx_word' id='word_1_79' title='bbox 909 966 988 1009; x_wconf 82' lang='lat' dir='ltr'><strong>sed</strong></span> <span class='ocrx_word' id='word_1_80' title='bbox 1026 966 1150 1008; x_wconf 73' lang='lat' dir='ltr'><strong>haud</strong></span> <span class='ocrx_word' id='word_1_81' title='bbox 1187 967 1283 1010; x_wconf 84' lang='lat' dir='ltr'><strong>scio</strong></span> <span class='ocrx_word' id='word_1_82' title='bbox 1319 982 1380 1010; x_wconf 88' lang='lat' dir='ltr'><strong>an</strong></span> <span class='ocrx_word' id='word_1_83' title='bbox 1418 968 1582 1012; x_wconf 80' lang='lat' dir='ltr'><strong>melius</strong></span> 
     </span>
    </p>
   </div>
   <div class='ocr_carea' id='block_1_4' title="bbox 162 1041 376 1086">
    <p class='ocr_par' dir='ltr' id='par_1_4' title="bbox 162 1041 376 1086">
     <span class='ocr_line' id='line_1_13' title="bbox 162 1041 376 1086; baseline 0.009 -2"><span class='ocrx_word' id='word_1_84' title='bbox 162 1041 344 1084; x_wconf 82' lang='lat' dir='ltr'><strong>Ennius</strong></span> <span class='ocrx_word' id='word_1_85' title='bbox 366 1056 376 1086; x_wconf 93' lang='lat'><strong>:</strong></span> 
     </span>
    </p>
   </div>
   <div class='ocr_carea' id='block_1_5' title="bbox 277 1139 1398 1257">
    <p class='ocr_par' dir='ltr' id='par_1_5' title="bbox 277 1139 1398 1257">
     <span class='ocr_line' id='line_1_14' title="bbox 277 1139 1398 1211; baseline -0.008 -26"><span class='ocrx_word' id='word_1_86' title='bbox 277 1141 423 1184; x_wconf 84' lang='lat' dir='ltr'><strong>Nemo</strong></span> <span class='ocrx_word' id='word_1_87' title='bbox 443 1155 510 1183; x_wconf 83' lang='lat' dir='ltr'><strong>me</strong></span> <span class='ocrx_word' id='word_1_88' title='bbox 531 1140 741 1183; x_wconf 77' lang='lat' dir='ltr'><strong>lacrumis</strong></span> <span class='ocrx_word' id='word_1_89' title='bbox 761 1139 927 1182; x_wconf 82' lang='lat' dir='ltr'><strong>decoret</strong></span> <span class='ocrx_word' id='word_1_90' title='bbox 949 1154 1085 1195; x_wconf 77' lang='lat' dir='ltr'><strong>neque</strong></span> <span class='ocrx_word' id='word_1_91' title='bbox 1094 1139 1398 1211; x_wconf 50' lang='lat' dir='ltr'><strong>funeraflfiu</strong></span> 
     </span>
     <span class='ocr_line' id='line_1_15' title="bbox 279 1214 430 1257; baseline 0 -1"><span class='ocrx_word' id='word_1_92' title='bbox 279 1214 430 1257; x_wconf 71' lang='lat' dir='ltr'><strong>Fam&#39;t.</strong></span> 
     </span>
    </p>
   </div>
   <div class='ocr_carea' id='block_1_6' title="bbox 157 1327 1659 2560">
    <p class='ocr_par' dir='ltr' id='par_1_6' title="bbox 157 1327 1659 2560">
     <span class='ocr_line' id='line_1_16' title="bbox 160 1327 1581 1390; baseline 0.001 -18"><span class='ocrx_word' id='word_1_93' title='bbox 160 1329 271 1372; x_wconf 87' lang='lat' dir='ltr'><strong>Non</strong></span> <span class='ocrx_word' id='word_1_94' title='bbox 292 1331 448 1371; x_wconf 78' lang='lat' dir='ltr'><strong>censet</strong></span> <span class='ocrx_word' id='word_1_95' title='bbox 468 1327 718 1390; x_wconf 53' lang='lat' dir='ltr'><strong>lugendam</strong></span> <span class='ocrx_word' id='word_1_96' title='bbox 740 1341 839 1369; x_wconf 79' lang='lat' dir='ltr'><strong>esse</strong></span> <span class='ocrx_word' id='word_1_97' title='bbox 861 1331 1071 1377; x_wconf 82' lang='lat' dir='ltr'><strong>mortem,</strong></span> <span class='ocrx_word' id='word_1_98' title='bbox 1099 1341 1235 1382; x_wconf 82' lang='lat' dir='ltr'><strong>quam</strong></span> <span class='ocrx_word' id='word_1_99' title='bbox 1259 1327 1581 1373; x_wconf 78' lang='lat' dir='ltr'><strong>immortalitas</strong></span> 
     </span>
     <span class='ocr_line' id='line_1_17' title="bbox 160 1399 1659 1458; baseline 0.001 -13"><span class='ocrx_word' id='word_1_100' title='bbox 160 1405 480 1454; x_wconf 83' lang='lat' dir='ltr'><strong>consequatur.</strong></span> <span class='ocrx_word' id='word_1_101' title='bbox 546 1399 656 1443; x_wconf 85' lang='lat' dir='ltr'><strong>Jam</strong></span> <span class='ocrx_word' id='word_1_102' title='bbox 677 1413 837 1441; x_wconf 81' lang='lat' dir='ltr'><strong>sensus</strong></span> <span class='ocrx_word' id='word_1_103' title='bbox 860 1399 1087 1441; x_wconf 85' lang='lat' dir='ltr'><strong>moriendi</strong></span> <span class='ocrx_word' id='word_1_104' title='bbox 1110 1399 1276 1455; x_wconf 78' lang='lat' dir='ltr'><strong>aliquis</strong></span> <span class='ocrx_word' id='word_1_105' title='bbox 1299 1415 1397 1442; x_wconf 81' lang='lat' dir='ltr'><strong>esse</strong></span> <span class='ocrx_word' id='word_1_106' title='bbox 1428 1407 1581 1458; x_wconf 80' lang='lat' dir='ltr'><strong>potest</strong></span> <span class='ocrx_word' id='word_1_107' title='bbox 1603 1403 1659 1450; x_wconf 84' lang='lat'><strong>74</strong></span> 
     </span>
     <span class='ocr_line' id='line_1_18' title="bbox 160 1472 1580 1534; baseline 0.001 -17"><span class='ocrx_word' id='word_1_108' title='bbox 160 1475 291 1530; x_wconf 81' lang='lat' dir='ltr'><strong>isque</strong></span> <span class='ocrx_word' id='word_1_109' title='bbox 312 1473 370 1516; x_wconf 90' lang='lat' dir='ltr'><strong>ad</strong></span> <span class='ocrx_word' id='word_1_110' title='bbox 393 1474 612 1528; x_wconf 83' lang='lat' dir='ltr'><strong>exiguum</strong></span> <span class='ocrx_word' id='word_1_111' title='bbox 647 1476 831 1527; x_wconf 80' lang='lat' dir='ltr'><strong>tempus</strong></span> <span class='ocrx_word' id='word_1_112' title='bbox 864 1472 1136 1534; x_wconf 51' lang='lat' dir='ltr'><strong>praesertim</strong></span> <span class='ocrx_word' id='word_1_113' title='bbox 1168 1473 1293 1516; x_wconf 76' lang='lat' dir='ltr'><strong>seni:</strong></span> <span class='ocrx_word' id='word_1_114' title='bbox 1324 1479 1429 1528; x_wconf 87' lang='lat' dir='ltr'><strong>post</strong></span> <span class='ocrx_word' id='word_1_115' title='bbox 1464 1490 1580 1518; x_wconf 86' lang='lat' dir='ltr'><strong>mor-</strong></span> 
     </span>
     <span class='ocr_line' id='line_1_19' title="bbox 160 1544 1581 1602; baseline 0.001 -13"><span class='ocrx_word' id='word_1_116' title='bbox 160 1552 252 1590; x_wconf 90' lang='lat' dir='ltr'><strong>tem</strong></span> <span class='ocrx_word' id='word_1_117' title='bbox 275 1546 463 1602; x_wconf 84' lang='lat' dir='ltr'><strong>quidem</strong></span> <span class='ocrx_word' id='word_1_118' title='bbox 488 1559 649 1587; x_wconf 82' lang='lat' dir='ltr'><strong>sensus</strong></span> <span class='ocrx_word' id='word_1_119' title='bbox 684 1549 766 1586; x_wconf 88' lang='lat' dir='ltr'><strong>aut</strong></span> <span class='ocrx_word' id='word_1_120' title='bbox 803 1544 1034 1599; x_wconf 73' lang='lat' dir='ltr'><strong>optandus</strong></span> <span class='ocrx_word' id='word_1_121' title='bbox 1055 1548 1137 1586; x_wconf 85' lang='lat' dir='ltr'><strong>aut</strong></span> <span class='ocrx_word' id='word_1_122' title='bbox 1159 1545 1316 1587; x_wconf 83' lang='lat' dir='ltr'><strong>nullus</strong></span> <span class='ocrx_word' id='word_1_123' title='bbox 1338 1552 1419 1589; x_wconf 78' lang='lat' dir='ltr'><strong>est.</strong></span> <span class='ocrx_word' id='word_1_124' title='bbox 1489 1547 1581 1591; x_wconf 82' lang='lat' dir='ltr'><strong>Sed</strong></span> 
     </span>
     <span class='ocr_line' id='line_1_20' title="bbox 159 1615 1580 1671; baseline 0.001 -10"><span class='ocrx_word' id='word_1_125' title='bbox 159 1619 246 1661; x_wconf 90' lang='lat' dir='ltr'><strong>hoc</strong></span> <span class='ocrx_word' id='word_1_126' title='bbox 268 1618 545 1661; x_wconf 83' lang='lat' dir='ltr'><strong>meditatum</strong></span> <span class='ocrx_word' id='word_1_127' title='bbox 567 1618 624 1658; x_wconf 85' lang='lat' dir='ltr'><strong>ab</strong></span> <span class='ocrx_word' id='word_1_128' title='bbox 645 1615 957 1659; x_wconf 80' lang='lat' dir='ltr'><strong>adolescentia</strong></span> <span class='ocrx_word' id='word_1_129' title='bbox 978 1616 1117 1658; x_wconf 87' lang='lat' dir='ltr'><strong>debet</strong></span> <span class='ocrx_word' id='word_1_130' title='bbox 1154 1632 1267 1671; x_wconf 85' lang='lat' dir='ltr'><strong>esse,</strong></span> <span class='ocrx_word' id='word_1_131' title='bbox 1295 1624 1491 1662; x_wconf 83' lang='lat' dir='ltr'><strong>mortem</strong></span> <span class='ocrx_word' id='word_1_132' title='bbox 1529 1625 1580 1663; x_wconf 86' lang='lat' dir='ltr'><strong>ut</strong></span> 
     </span>
     <span class='ocr_line' id='line_1_21' title="bbox 160 1688 1580 1746; baseline 0.001 -12"><span class='ocrx_word' id='word_1_133' title='bbox 160 1691 467 1746; x_wconf 85' lang='lat' dir='ltr'><strong>negligamus:</strong></span> <span class='ocrx_word' id='word_1_134' title='bbox 491 1690 590 1731; x_wconf 81' lang='lat' dir='ltr'><strong>sine</strong></span> <span class='ocrx_word' id='word_1_135' title='bbox 607 1704 698 1745; x_wconf 88' lang='lat' dir='ltr'><strong>qua</strong></span> <span class='ocrx_word' id='word_1_136' title='bbox 720 1688 1022 1731; x_wconf 83' lang='lat' dir='ltr'><strong>meditatione</strong></span> <span class='ocrx_word' id='word_1_137' title='bbox 1039 1690 1292 1744; x_wconf 85' lang='lat' dir='ltr'><strong>tranquillo</strong></span> <span class='ocrx_word' id='word_1_138' title='bbox 1309 1705 1405 1733; x_wconf 82' lang='lat' dir='ltr'><strong>esse</strong></span> <span class='ocrx_word' id='word_1_139' title='bbox 1425 1693 1580 1736; x_wconf 83' lang='lat' dir='ltr'><strong>animo</strong></span> 
     </span>
     <span class='ocr_line' id='line_1_22' title="bbox 159 1759 1579 1818; baseline 0 -12"><span class='ocrx_word' id='word_1_140' title='bbox 159 1778 294 1806; x_wconf 89' lang='lat' dir='ltr'><strong>nemo</strong></span> <span class='ocrx_word' id='word_1_141' title='bbox 317 1765 481 1818; x_wconf 82' lang='lat' dir='ltr'><strong>potest.</strong></span> <span class='ocrx_word' id='word_1_142' title='bbox 510 1759 812 1803; x_wconf 71' lang='lat' dir='ltr'><strong>Moriendum</strong></span> <span class='ocrx_word' id='word_1_143' title='bbox 831 1761 955 1802; x_wconf 85' lang='lat' dir='ltr'><strong>enim</strong></span> <span class='ocrx_word' id='word_1_144' title='bbox 977 1765 1100 1802; x_wconf 84' lang='lat' dir='ltr'><strong>certe</strong></span> <span class='ocrx_word' id='word_1_145' title='bbox 1123 1765 1193 1802; x_wconf 83' lang='lat' dir='ltr'><strong>est</strong></span> <span class='ocrx_word' id='word_1_146' title='bbox 1215 1766 1262 1803; x_wconf 86' lang='lat' dir='ltr'><strong>et</strong></span> <span class='ocrx_word' id='word_1_147' title='bbox 1284 1761 1331 1803; x_wconf 83' lang='lat' dir='ltr'><strong>id</strong></span> <span class='ocrx_word' id='word_1_148' title='bbox 1353 1763 1579 1806; x_wconf 83' lang='lat' dir='ltr'><strong>incertum</strong></span> 
     </span>
     <span class='ocr_line' id='line_1_23' title="bbox 158 1826 1577 1890; baseline 0.001 -12"><span class='ocrx_word' id='word_1_149' title='bbox 158 1850 218 1878; x_wconf 84' lang='lat' dir='ltr'><strong>an</strong></span> <span class='ocrx_word' id='word_1_150' title='bbox 240 1850 295 1878; x_wconf 89' lang='lat' dir='ltr'><strong>eo</strong></span> <span class='ocrx_word' id='word_1_151' title='bbox 315 1835 416 1890; x_wconf 81' lang='lat' dir='ltr'><strong>ipso</strong></span> <span class='ocrx_word' id='word_1_152' title='bbox 437 1833 525 1876; x_wconf 84' lang='lat' dir='ltr'><strong>die.</strong></span> <span class='ocrx_word' id='word_1_153' title='bbox 556 1826 558 1829; x_wconf 41' lang='lat'>¹</span> <span class='ocrx_word' id='word_1_154' title='bbox 594 1832 799 1874; x_wconf 83' lang='lat' dir='ltr'><strong>Mortem</strong></span> <span class='ocrx_word' id='word_1_155' title='bbox 820 1832 966 1887; x_wconf 84' lang='lat' dir='ltr'><strong>igitur</strong></span> <span class='ocrx_word' id='word_1_156' title='bbox 1001 1833 1219 1874; x_wconf 80' lang='lat' dir='ltr'><strong>omnibus</strong></span> <span class='ocrx_word' id='word_1_157' title='bbox 1256 1834 1381 1876; x_wconf 82' lang='lat' dir='ltr'><strong>horis</strong></span> <span class='ocrx_word' id='word_1_158' title='bbox 1404 1835 1577 1890; x_wconf 76' lang='lat' dir='ltr'><strong>impen-</strong></span> 
     </span>
     <span class='ocr_line' id='line_1_24' title="bbox 160 1905 1655 1967; baseline 0.001 -16"><span class='ocrx_word' id='word_1_159' title='bbox 160 1909 349 1952; x_wconf 87' lang='lat' dir='ltr'><strong>dentem</strong></span> <span class='ocrx_word' id='word_1_160' title='bbox 369 1907 539 1950; x_wconf 82' lang='lat' dir='ltr'><strong>timens</strong></span> <span class='ocrx_word' id='word_1_161' title='bbox 568 1908 649 1962; x_wconf 80' lang='lat' dir='ltr'><strong>qui</strong></span> <span class='ocrx_word' id='word_1_162' title='bbox 684 1906 860 1960; x_wconf 89' lang='lat' dir='ltr'><strong>poterit</strong></span> <span class='ocrx_word' id='word_1_163' title='bbox 880 1905 1035 1947; x_wconf 84' lang='lat' dir='ltr'><strong>animo</strong></span> <span class='ocrx_word' id='word_1_164' title='bbox 1056 1907 1337 1950; x_wconf 65' lang='lat' dir='ltr'><strong>consistere?</strong></span> <span class='ocrx_word' id='word_1_165' title='bbox 1397 1908 1468 1951; x_wconf 90' lang='lat' dir='ltr'><strong>De</strong></span> <span class='ocrx_word' id='word_1_166' title='bbox 1489 1925 1580 1967; x_wconf 86' lang='lat' dir='ltr'><strong>qua</strong></span> <span class='ocrx_word' id='word_1_167' title='bbox 1600 1912 1655 1957; x_wconf 82' lang='lat'><strong>75</strong></span> 
     </span>
     <span class='ocr_line' id='line_1_25' title="bbox 160 1978 1578 2036; baseline 0.001 -12"><span class='ocrx_word' id='word_1_168' title='bbox 160 1996 255 2024; x_wconf 90' lang='lat' dir='ltr'><strong>non</strong></span> <span class='ocrx_word' id='word_1_169' title='bbox 275 1981 342 2023; x_wconf 85' lang='lat' dir='ltr'><strong>ita.</strong></span> <span class='ocrx_word' id='word_1_170' title='bbox 360 1980 499 2035; x_wconf 84' lang='lat' dir='ltr'><strong>longa</strong></span> <span class='ocrx_word' id='word_1_171' title='bbox 520 1978 836 2033; x_wconf 80' lang='lat' dir='ltr'><strong>disputatione</strong></span> <span class='ocrx_word' id='word_1_172' title='bbox 857 1992 972 2033; x_wconf 85' lang='lat' dir='ltr'><strong>opus</strong></span> <span class='ocrx_word' id='word_1_173' title='bbox 994 1992 1092 2021; x_wconf 81' lang='lat' dir='ltr'><strong>esse</strong></span> <span class='ocrx_word' id='word_1_174' title='bbox 1114 1979 1317 2031; x_wconf 86' lang='lat' dir='ltr'><strong>videtur,</strong></span> <span class='ocrx_word' id='word_1_175' title='bbox 1335 1995 1480 2036; x_wconf 85' lang='lat' dir='ltr'><strong>quum</strong></span> <span class='ocrx_word' id='word_1_176' title='bbox 1510 1997 1578 2025; x_wconf 87' lang='lat' dir='ltr'><strong>re-</strong></span> 
     </span>
     <span class='ocr_line' id='line_1_26' title="bbox 160 2051 1577 2108; baseline 0 -10"><span class='ocrx_word' id='word_1_177' title='bbox 160 2054 336 2107; x_wconf 80' lang='lat' dir='ltr'><strong>corder,</strong></span> <span class='ocrx_word' id='word_1_178' title='bbox 361 2068 455 2096; x_wconf 89' lang='lat' dir='ltr'><strong>non</strong></span> <span class='ocrx_word' id='word_1_179' title='bbox 478 2052 527 2095; x_wconf 91' lang='lat' dir='ltr'><strong>L.</strong></span> <span class='ocrx_word' id='word_1_180' title='bbox 550 2052 768 2104; x_wconf 85' lang='lat' dir='ltr'><strong>Brutum,</strong></span> <span class='ocrx_word' id='word_1_181' title='bbox 796 2051 878 2107; x_wconf 90' lang='lat' dir='ltr'><strong>qui</strong></span> <span class='ocrx_word' id='word_1_182' title='bbox 908 2051 956 2093; x_wconf 87' lang='lat' dir='ltr'><strong>in</strong></span> <span class='ocrx_word' id='word_1_183' title='bbox 979 2052 1219 2094; x_wconf 86' lang='lat' dir='ltr'><strong>liberanda</strong></span> <span class='ocrx_word' id='word_1_184' title='bbox 1248 2058 1398 2108; x_wconf 77' lang='lat' dir='ltr'><strong>patna</strong></span> <span class='ocrx_word' id='word_1_185' title='bbox 1418 2060 1489 2097; x_wconf 87' lang='lat' dir='ltr'><strong>est</strong></span> <span class='ocrx_word' id='word_1_186' title='bbox 1509 2056 1577 2098; x_wconf 88' lang='lat' dir='ltr'><strong>in-</strong></span> 
     </span>
     <span class='ocr_line' id='line_1_27' title="bbox 158 2122 1578 2179; baseline 0.001 -10"><span class='ocrx_word' id='word_1_187' title='bbox 158 2127 382 2170; x_wconf 81' lang='lat' dir='ltr'><strong>terfectus</strong></span> <span class='ocrx_word' id='word_1_188' title='bbox 400 2141 411 2178; x_wconf 88' lang='lat'><strong>;</strong></span> <span class='ocrx_word' id='word_1_189' title='bbox 443 2139 537 2166; x_wconf 89' lang='lat' dir='ltr'><strong>non</strong></span> <span class='ocrx_word' id='word_1_190' title='bbox 555 2123 648 2166; x_wconf 86' lang='lat' dir='ltr'><strong>duo</strong></span> <span class='ocrx_word' id='word_1_191' title='bbox 669 2122 848 2172; x_wconf 82' lang='lat' dir='ltr'><strong>Decios,</strong></span> <span class='ocrx_word' id='word_1_192' title='bbox 871 2124 952 2179; x_wconf 91' lang='lat' dir='ltr'><strong>qui</strong></span> <span class='ocrx_word' id='word_1_193' title='bbox 973 2124 1031 2166; x_wconf 85' lang='lat' dir='ltr'><strong>ad</strong></span> <span class='ocrx_word' id='word_1_194' title='bbox 1054 2125 1357 2167; x_wconf 78' lang='lat' dir='ltr'><strong>voluntariam</strong></span> <span class='ocrx_word' id='word_1_195' title='bbox 1383 2131 1578 2171; x_wconf 87' lang='lat' dir='ltr'><strong>mortem</strong></span> 
     </span>
     <span class='ocr_line' id='line_1_28' title="bbox 159 2196 1577 2256; baseline 0.001 -13"><span class='ocrx_word' id='word_1_196' title='bbox 159 2213 344 2244; x_wconf 85' lang='lat' dir='ltr'><strong>cursum</strong></span> <span class='ocrx_word' id='word_1_197' title='bbox 364 2212 587 2254; x_wconf 85' lang='lat' dir='ltr'><strong>equorum</strong></span> <span class='ocrx_word' id='word_1_198' title='bbox 609 2196 922 2239; x_wconf 83' lang='lat' dir='ltr'><strong>incitaverunt</strong></span> <span class='ocrx_word' id='word_1_199' title='bbox 944 2213 954 2247; x_wconf 92' lang='lat'>;</span> <span class='ocrx_word' id='word_1_200' title='bbox 985 2211 1079 2238; x_wconf 77' lang='lat' dir='ltr'><strong>non</strong></span> <span class='ocrx_word' id='word_1_201' title='bbox 1102 2197 1166 2240; x_wconf 89' lang='lat' dir='ltr'><strong>M.</strong></span> <span class='ocrx_word' id='word_1_202' title='bbox 1189 2199 1399 2253; x_wconf 86' lang='lat' dir='ltr'><strong>Atilium,</strong></span> <span class='ocrx_word' id='word_1_203' title='bbox 1418 2202 1498 2256; x_wconf 89' lang='lat' dir='ltr'><strong>qui</strong></span> <span class='ocrx_word' id='word_1_204' title='bbox 1519 2203 1577 2245; x_wconf 83' lang='lat' dir='ltr'><strong>ad</strong></span> 
     </span>
     <span class='ocr_line' id='line_1_29' title="bbox 158 2269 1576 2332; baseline 0.001 -17"><span class='ocrx_word' id='word_1_205' title='bbox 158 2270 437 2332; x_wconf 57' lang='lat' dir='ltr'><strong>supplicium</strong></span> <span class='ocrx_word' id='word_1_206' title='bbox 457 2274 528 2312; x_wconf 83' lang='lat' dir='ltr'><strong>est</strong></span> <span class='ocrx_word' id='word_1_207' title='bbox 547 2269 784 2325; x_wconf 80' lang='lat' dir='ltr'><strong>profectus</strong></span> <span class='ocrx_word' id='word_1_208' title='bbox 806 2274 858 2311; x_wconf 89' lang='lat' dir='ltr'><strong>ut</strong></span> <span class='ocrx_word' id='word_1_209' title='bbox 889 2269 1027 2312; x_wconf 89' lang='lat' dir='ltr'><strong>fidem</strong></span> <span class='ocrx_word' id='word_1_210' title='bbox 1058 2270 1180 2312; x_wconf 76' lang='lat' dir='ltr'><strong>hosti</strong></span> <span class='ocrx_word' id='word_1_211' title='bbox 1212 2271 1367 2314; x_wconf 88' lang='lat' dir='ltr'><strong>datam</strong></span> <span class='ocrx_word' id='word_1_212' title='bbox 1399 2288 1576 2317; x_wconf 83' lang='lat' dir='ltr'><strong>conser-</strong></span> 
     </span>
     <span class='ocr_line' id='line_1_30' title="bbox 159 2341 1576 2401; baseline 0.001 -13"><span class='ocrx_word' id='word_1_213' title='bbox 159 2348 311 2395; x_wconf 57' lang='grc' dir='ltr'>νωθὴς</span> <span class='ocrx_word' id='word_1_214' title='bbox 333 2357 429 2386; x_wconf 89' lang='lat' dir='ltr'><strong>non</strong></span> <span class='ocrx_word' id='word_1_215' title='bbox 445 2342 538 2385; x_wconf 89' lang='lat' dir='ltr'><strong>duo</strong></span> <span class='ocrx_word' id='word_1_216' title='bbox 558 2341 905 2398; x_wconf 82' lang='lat' dir='ltr'><strong>Scipiones,qui</strong></span> <span class='ocrx_word' id='word_1_217' title='bbox 927 2342 1016 2384; x_wconf 85' lang='lat' dir='ltr'><strong>iter</strong></span> <span class='ocrx_word' id='word_1_218' title='bbox 1032 2342 1199 2385; x_wconf 78' lang='lat' dir='ltr'><strong>Poenis</strong></span> <span class='ocrx_word' id='word_1_219' title='bbox 1218 2343 1289 2387; x_wconf 89' lang='lat' dir='ltr'><strong>vel</strong></span> <span class='ocrx_word' id='word_1_220' title='bbox 1310 2349 1576 2401; x_wconf 83' lang='lat' dir='ltr'><strong>corporibus</strong></span> 
     </span>
     <span class='ocr_line' id='line_1_31' title="bbox 157 2413 1570 2528; baseline 0.001 -68"><span class='ocrx_word' id='word_1_221' title='bbox 157 2416 254 2460; x_wconf 79' lang='lat' dir='ltr'><strong>suis</strong></span> <span class='ocrx_word' id='word_1_222' title='bbox 273 2415 379 2460; x_wconf 78' lang='lat' dir='ltr'><strong>obst</strong></span> <span class='ocrx_word' id='word_1_223' title='bbox 407 2429 514 2458; x_wconf 88' lang='lat' dir='ltr'><strong>uere</strong></span> <span class='ocrx_word' id='word_1_224' title='bbox 534 2413 786 2528; x_wconf 37' lang='lat' dir='ltr'><strong>voffluerunt</strong></span> <span class='ocrx_word' id='word_1_225' title='bbox 805 2429 816 2464; x_wconf 89' lang='lat'>;</span> <span class='ocrx_word' id='word_1_226' title='bbox 844 2428 940 2456; x_wconf 89' lang='lat' dir='ltr'><strong>non</strong></span> <span class='ocrx_word' id='word_1_227' title='bbox 960 2429 1098 2457; x_wconf 88' lang='lat' dir='ltr'><strong>avum</strong></span> <span class='ocrx_word' id='word_1_228' title='bbox 1120 2419 1253 2458; x_wconf 86' lang='lat' dir='ltr'><strong>tuum</strong></span> <span class='ocrx_word' id='word_1_229' title='bbox 1274 2416 1324 2460; x_wconf 91' lang='lat' dir='ltr'><strong>L.</strong></span> <span class='ocrx_word' id='word_1_230' title='bbox 1340 2417 1570 2474; x_wconf 88' lang='lat' dir='ltr'><strong>Paullum,</strong></span> 
     </span>
     <span class='ocr_line' id='line_1_32' title="bbox 157 2485 1572 2560; baseline 0.001 -27"><span class='ocrx_word' id='word_1_231' title='bbox 157 2488 241 2549; x_wconf 82' lang='lat' dir='ltr'><strong>qui</strong></span> <span class='ocrx_word' id='word_1_232' title='bbox 258 2491 408 2533; x_wconf 76' lang='lat' dir='ltr'><strong>morte</strong></span> <span class='ocrx_word' id='word_1_233' title='bbox 437 2487 528 2560; x_wconf 55' lang='lat' dir='ltr'><strong>13st</strong></span> <span class='ocrx_word' id='word_1_234' title='bbox 549 2500 603 2529; x_wconf 93' lang='lat' dir='ltr'><strong>co</strong></span> <span class='ocrx_word' id='word_1_235' title='bbox 621 2485 821 2542; x_wconf 65' lang='lat' dir='ltr'><strong>legaejn</strong></span> <span class='ocrx_word' id='word_1_236' title='bbox 852 2485 1083 2529; x_wconf 81' lang='lat' dir='ltr'><strong>Cannensi</strong></span> <span class='ocrx_word' id='word_1_237' title='bbox 1115 2487 1369 2543; x_wconf 80' lang='lat' dir='ltr'><strong>ignominia</strong></span> <span class='ocrx_word' id='word_1_238' title='bbox 1390 2492 1572 2534; x_wconf 91' lang='lat' dir='ltr'><strong>temeri-</strong></span> 
     </span>
    </p>
   </div>
  </div>
 </body>
</html>
