2118 2912
546 196 608 246 '76
1054 210 1177 245 mm
1206 211 1382 248 mon.

1135 429 1300 474 XXII.
1631 483 1636 487 .

777 544 867 590 The
887 545 1025 602 dying]
1044 548 1191 591 words
1211 547 1264 603 of
1281 546 1422 604 Ovax
1442 549 1512 592 the
1533 512 1661 595 elder.

465 677 523 722 79
604 677 744 733 Apud
785 677 1150 735 Xenophontem
1193 684 1350 723 autem
1393 681 1596 724 moriens
1638 681 1786 737 Cyrus
1822 681 1972 738 maior
2027 667 2029 670 Α

544 750 656 793 haec
698 750 836 795 dicit:
886 751 1094 794 “Nolite
1135 752 1366 807 arbitrari,
1395 768 1422 795 ο
1461 752 1573 796 mihi
1611 753 1834 796 carissimi
1867 741 1966 808 fibi,

542 837 615 866 me
654 838 799 880 quum
840 839 868 867 a
909 824 1041 867 vobis
1087 824 1341 867 discessero
1392 840 1623 882 nusquam
1665 830 1746 869 aut
1787 825 1970 870 nullum

540 895 651 939 fore.
722 896 819 939 Nec
842 897 966 939 enim
990 895 1104 939 dum
1137 911 1262 939 eram
1295 897 1532 941 vobiscum
1570 898 1776 941 animum
1815 912 1971 942 meum

542 968 803 1020 videbatis3
832 969 915 1012 sed
953 984 1058 1012 euin
1099 984 1199 1013 esse
1236 970 1284 1012 in
1322 970 1408 1014 hoo
1441 985 1631 1027 corpore
1653 985 1711 1014 ex
1732 971 1789 1014 iis
1811 971 1966 1025 rebus,

541 1056 655 1098 quas
678 1042 908 1098 gerebam,
936 1042 1283 1098 intelligebatis.
1352 1043 1568 1086 Eundem
1590 1043 1734 1100 igitur
1754 1058 1852 1088 esse
1874 1058 1969 1088 cre-

462 1116 520 1158 80
540 1115 704 1168 ditote,
731 1117 870 1160 etiam
893 1117 932 1159 si
953 1116 1136 1159 nullum
1158 1116 1394 1160 videbitis„
1458 1116 1557 1161 Nee
1596 1132 1704 1161 vero
1741 1117 1969 1163 clarorum

538 1189 744 1232 virorum
774 1194 879 1245 post
921 1194 1119 1232 mortem
1160 1189 1360 1233 honores
1402 1194 1744 1246 permanerent,
1780 1189 1819 1234 si
1849 1182 1968 1235 nihil

539 1276 700 1305 eorum
722 1262 926 1318 ipsorum
950 1262 1093 1304 animi
1116 1261 1352 1305 efficerent
1383 1277 1476 1319 quo
1498 1262 1676 1306 diutius
1698 1263 1969 1308 memoriam

537 1336 606 1379 sui
630 1341 910 1379 teneremus.
980 1335 1104 1378 Mihi
1125 1335 1314 1394 quidem
1336 1350 1579 1393 nunquam
1599 1336 1869 1393 persuaderi
1889 1351 1968 1394 po·

538 1409 644 1462 tuit,
685 1409 886 1460 animos,
922 1408 1033 1451 dum
1075 1409 1124 1451 in
1166 1408 1436 1464 corporibus
1477 1413 1633 1452 essent
1674 1409 1963 1467 mortalibus,

535 1483 719 1535 vivere;
752 1497 897 1539 quum
921 1482 1127 1526 exissent
1149 1496 1206 1525 ex
1229 1482 1294 1525 eis
1316 1482 1485 1526 emori:
1508 1497 1594 1526 neo
1615 1497 1726 1526 vero
1748 1486 1850 1527 tum
1869 1484 1966 1530 ani-

537 1571 663 1598 mum
687 1571 786 1598 esse
808 1555 1109 1612 insipientem
1131 1570 1276 1612 quum
1299 1570 1356 1598 ex
1388 1555 1630 1612 insipienti
1650 1570 1842 1613 corpore
1862 1570 1967 1604 eva-

536 1629 704 1681 sisset3
736 1629 817 1672 sed
851 1643 997 1685 quum
1019 1628 1142 1671 omni
1181 1628 1469 1671 admixtione
1501 1629 1704 1685 corporis
1741 1629 1967 1676 liberatus

538 1685 681 1759 purus
718 1706 766 1745 et
802 1702 985 1758 integer
1024 1717 1123 1745 esse
1157 1702 1382 1758 coepisset
1418 1708 1519 1745 tum
1553 1717 1652 1746 esse
1684 1703 1958 1760 sapientem.

541 1776 698 1830 Atque
720 1774 861 1816 etiam
883 1787 1028 1830 quum
1050 1772 1254 1816 hominis
1289 1778 1457 1816 natura
1494 1777 1644 1817 morte
1676 1773 1959 1832 dissolvitur,

468 1902 470 1905 .
536 1852 794 1891 ceterarum
818 1861 974 1890 rerum
1004 1847 1302 1903 perspicuum
1333 1852 1410 1906 'est
1443 1861 1538 1905 quo
1573 1862 1784 1906 quaeque
1819 1847 1964 1897 disoe-

537 1922 653 1967 dant
678 1938 687 1973 ;
720 1920 898 1965 abeunt
921 1921 1047 1965 enim
1083 1920 1195 1964 illuc
1217 1921 1374 1965 omnia
1394 1920 1518 1965 unde
1553 1925 1657 1966 orta
1690 1927 1802 1967 sunt
1824 1925 1964 1987 :qui-

536 2012 637 2040 mus
674 2001 832 2039 autem
869 1993 996 2051 solus
1033 2009 1118 2038 neo
1154 2008 1300 2051 quum
1330 1993 1463 2038 adest
1492 2008 1580 2039 nec
1600 2009 1746 2053 quum
1765 1993 1967 2045 Mt

456 2072 511 2114 81
535 2073 739 2126 apparet.
807 2067 841 2110 J
843 2082 918 2110 am
939 2082 1050 2110 vero
1072 2066 1244 2110 videtis
1264 2066 1382 2134 ni‘hil
1414 2081 1514 2111 esse
1532 2067 1676 2112 morti
1697 2071 1794 2112 tam
1813 2064 1967 2117 simile

533 2156 674 2200 quam
714 2154 943 2183 somnum.
1012 2139 1161 2196 Atqui
1203 2134 1539 2183 dormientium
1579 2140 1724 2184 animi
1765 2138 1966 2194 maxim

534 2213 771 2258 declarant
795 2211 1093 2254 divinitatem
1114 2224 1270 2269 suam:
1302 2209 1451 2255 multa
1471 2210 1594 2254 enim
1617 2225 1761 2268 quum
1783 2212 1966 2259 remissi

534 2293 581 2332 et
603 2286 738 2330 liberi
771 2290 882 2328 sunt
904 2285 1065 2327 futura
1085 2282 1389 2340 prospiciunt.
1455 2283 1533 2328 Ex
1558 2298 1652 2341 quo
1683 2283 1967 2346 intelligitur

533 2361 695 2419 quales
718 2359 869 2403 futuri
889 2358 986 2401 sint
1005 2371 1152 2415 quum
1173 2371 1223 2400 se
1244 2357 1383 2414 plane
1417 2356 1626 2415 eorporis
1658 2357 1882 2418 vinculis·
1887 2364 1964 2434 fe-

532 2432 805 2478 laxaverint.
874 2430 1043 2485 Quare,
1069 2429 1105 2474 si
1142 2429 1255 2473 haee
1275 2429 1343 2474 ita
1361 2433 1476 2475 sunt
1507 2429 1576 2476 sio
1605 2444 1681 2476 me
1699 2423 1979 2491 oolitotjemt

533 2508 698 2552 deum:
735 2507 806 2550 sin
850 2520 943 2549 una
982 2508 1053 2548 est
1089 2503 1369 2548 interiturus
1403 2502 1588 2550 animus
1610 2516 1739 2552 oum
1747 2495 2015 2568 Q·
