2118 2912
528 184 554 230 7
557 184 586 227 4
1042 195 1161 228 cuo
1192 194 1365 227 MAJOR.

531 322 701 367 tamenn
733 331 828 359 non
852 316 915 359 M.
940 315 1222 366 Marcellum,
1238 316 1374 371 cujus
1395 312 1639 370 interijum
1655 327 1715 357 ne
1735 308 1972 357 crudeli&

529 391 674 434 simus
710 391 900 448 quidem
936 389 1084 433 hostis
1115 390 1290 432 honore
1322 387 1591 451 sepulturae
1622 401 1776 430 carere
1797 401 1959 443 passus

529 470 622 507 est:
656 464 738 507 sed
759 463 966 519 legiones
987 466 1192 528 nostras,⁴
1204 461 1330 518 quod
1351 461 1512 516 scripsi
1534 460 1583 502 in
1605 458 1892 516 Originibus,
1907 459 1955 502 in

530 552 633 581 eum
657 550 794 592 saepe
816 535 969 578 locum
990 534 1222 591 profectas
1242 533 1382 577 alacri
1399 533 1555 576 animo
1575 534 1623 575 et
1644 535 1810 585 erecto,
1835 531 1958 575 unde

529 626 578 654 se
599 624 840 666 nunquam
861 608 1093 651 redituras
1114 591 1467 650 arbitrafentur.
1537 604 1672 658 Quod
1705 604 1849 661 igitur
1877 604 1955 648 ad-

529 684 800 736 olescentes,
828 686 875 725 et
911 681 944 724 ii
977 680 1167 738 quidem
1198 695 1292 723 non
1315 679 1464 723 solum
1487 672 1679 732 indoou,
1703 677 1785 720 sed
1817 678 1958 721 etiam

451 760 508 806 76
529 757 706 811 rustici,
727 758 1049 809 contemnunt,
1078 753 1127 796 id
1146 739 1273 796 docti
1293 766 1428 795 senes
1450 750 1788 795 extimescent?
1847 749 1954 794 Om-

529 831 656 885 nino,
682 835 735 872 ut
771 828 886 871 mihi
907 827 1098 884 quidem
1119 825 1321 878 videtur,
1345 824 1607 867 studiorum
1645 824 1851 866 omnium
1888 838 1958 867 sa-
1974 824 1999 834 ‘⁴

508 905 647 948 tietas
671 903 792 946 vitae
814 901 926 944 facit
943 900 1220 943 satietatem.
1250 898 1371 942 Sunt
1394 897 1620 954 pueritiae
1636 902 1764 940 certa
1777 896 1956 949 studia3

529 992 642 1021 num
666 977 809 1029 igitur
830 989 884 1018 ea
904 973 1173 1017 desiderant
1203 962 1547 1015 adolescent-es?
1609 970 1730 1013 Sunt
1752 970 1958 1014 ineuntis

530 1048 870 1096 adolescentiae
890 1065 900 1102 ;
923 1063 1036 1091 num
1054 1062 1108 1090 ea
1123 1050 1340 1089 constans
1356 1046 1453 1102 jam
1471 1044 1668 1102 requirit
1683 1048 1826 1099 aetas,
1838 1058 1959 1101 qnae

528 1125 682 1170 media
702 1123 905 1167 dicitur?
937 1121 1060 1165 Sunt
1081 1121 1219 1164 etiam
1238 1119 1384 1176 hujus
1405 1119 1596 1170 aetatis3
1619 1133 1678 1161 ne
1695 1132 1749 1162 ea
1768 1118 1958 1175 quidem

530 1201 823 1257 quaeruntur
842 1210 869 1238 a
889 1197 1154 1238 senectute:
1188 1196 1298 1235 sunt
1321 1197 1530 1235 extrema
1551 1190 1782 1247 quaedam
1804 1191 1959 1234 studia

529 1270 810 1317 senectutis:
846 1283 955 1324 ergo
997 1271 1050 1310 ut
1077 1266 1369 1322 superiorum
1402 1269 1612 1308 aetatum
1652 1263 1810 1307 studia
1842 1263 1958 1307 occi-

529 1347 666 1400 dunt,
710 1344 776 1387 sic
826 1342 1046 1386 occidunt
1097 1340 1234 1384 etiam
1290 1338 1555 1382 senectutis
1625 1336 1761 1391 Quod
1811 1351 1957 1396 quum

529 1419 700 1472 evenit,
728 1417 918 1460 satietas
941 1415 1064 1458 vitae
1083 1417 1268 1469 tempus
1292 1415 1526 1455 maturum
1546 1411 1710 1455 mortis
1729 1411 1876 1455 affert.

1139 1586 1275 1630 XXI.

533 1742 656 1796 C'ato,
683 1735 930 1795 influeneecl
955 1735 1008 1790 by
1033 1727 1326 1790 Pythayords,
1360 1732 1569 1782 Socrates,
1594 1732 1743 1786 mato,
1768 1731 1959 1775 declares

588 1800 659 1844 the
679 1797 776 1841 soul
799 1800 842 1839 to
864 1796 910 1838 be
932 1792 1175 1838 immortal.

449 1921 504 1969 77
586 1916 815 1975 Equidem
868 1927 962 1956 non
1015 1910 1150 1954 video
1201 1923 1296 1962 cur,
1343 1906 1458 1965 quid
1507 1907 1608 1964 ipse
1657 1906 1856 1951 sentiam
1898 1907 1957 1952 de

460 2002 465 2008 ’
529 1997 690 2045 morte,
717 2003 812 2032 non
834 1986 1030 2030 audeam
1053 1984 1183 2027 vobis
1205 1983 1358 2026 dicere
1377 1997 1387 2033 ;
1418 1981 1544 2039 quod
1576 1995 1632 2025 eo
1654 1980 1820 2024 melius
1841 1980 1957 2025 mihi

527 2078 717 2111 cernere
738 2061 915 2113 videor,
941 2073 1033 2116 quo
1054 2057 1114 2101 ab
1136 2071 1190 2100 ea
1210 2056 1400 2113 propius
1421 2054 1598 2099 absum.
1654 2052 1755 2110 Ego
1778 2066 1959 2101 vestros

526 2145 696 2198 patres,
713 2134 935 2191 Rscipio
955 2137 1115 2189 tuque,
1143 2130 1191 2174 G.
1210 2128 1354 2182 Laeli,
1377 2128 1499 2171 viros
1520 2126 1798 2171 clarissimos
1821 2119 1956 2172 mihi}-

524 2228 617 2271 que
638 2209 940 2255 amicissimos
975 2206 1131 2248 vivere
1152 2203 1354 2247 arbitror
1374 2204 1422 2245 et
1453 2214 1553 2244 eam
1574 2199 1764 2258 quidem
1789 2199 1951 2255 vitam,

523 2300 643 2344 quae
660 2288 730 2328 est
751 2281 848 2325 sola
869 2280 966 2322 vita
986 2275 1282 2321 nominanda.
1350 2273 1473 2317 Nam
1494 2273 1608 2318 dum
1627 2286 1788 2316 sumus
1810 2273 1860 2316 in
1879 2271 1959 2326 hi!
2032 2303 2035 2306 >

526 2357 696 2403 inclusi
718 2352 1017 2410 compagibus
1039 2348 1256 2407 corporis,
1279 2360 1474 2391 munere
1493 2345 1695 2404 quodam
1712 2340 1962 2394 necessitu-

522 2435 586 2480 tis
606 2435 656 2477 et
675 2429 805 2488 gravi
826 2441 965 2484 opere
982 2423 1332 2482 perfungimur:
1355 2424 1427 2465 est
1443 2418 1570 2464 enim
1587 2419 1773 2465 mimus
1789 2412 1982 2476 08ιὶᾳῶ
2010 2463 2021 2485 .*
2056 2412 2061 2475 ‘A

523 2508 584 2552 tis
606 2520 663 2550 ex
684 2500 912 2547 altissimo
945 2495 1182 2542 domicilio
1203 2495 1451 2562 depassus
1469 2494 1521 2536 et
1548 2489 1683 2550 quui
1718 2469 1982 2555 dead?
2047 2518 2071 2522 --
