2118 2912
542 198 603 242 48
1053 207 1171 239 mro
1203 205 1377 238 nuos.

543 319 688 361 runt:
720 314 986 359 vadimonia
1008 312 1290 368 constituta3
1311 310 1394 368 qui
1414 309 1517 366 sibi,
1545 309 1620 354 cui
1640 307 1730 367 ipsi
1749 307 1966 355 debeant.
2029 318 2035 321 ⁴
2071 325 2076 330 ·

464 388 522 432 22
545 388 668 441 Quid
708 385 1062 444 jurisconsulti?
1111 383 1227 441 quid
1266 382 1541 441 pontifices?
1589 381 1704 440 quid
1742 379 1972 439 augures?
2040 422 2041 425 ,

543 459 657 517 quid
697 458 963 515 philosophi
1016 456 1184 499 senes?
1243 469 1384 512 quam
1434 453 1583 498 multa
1622 453 1974 498 meminerunt?

543 529 744 576 Manent
775 530 962 588 ingenia
979 530 1185 584 senibus,
1212 529 1348 572 modo
1382 531 1652 585 permaneat
1683 527 1892 582 studium
1922 528 1972 573 et

543 605 774 649 industria
795 620 805 650 z
838 619 923 648 nec
945 619 999 647 ea
1019 602 1169 647 solum
1189 601 1239 645 in
1261 601 1394 646 claris
1417 605 1466 645 et
1486 601 1724 644 honoratis
1746 600 1870 656 viris,
1889 599 1972 645 sed

543 681 590 722 in
613 679 711 722 vita
731 678 872 722 etiam
895 678 1077 733 privata
1098 680 1146 718 et
1166 674 1336 731 quieta.
1392 674 1643 730 Sophocles
1664 673 1723 716 ad
1744 687 1972 718 summam

541 754 830 795 senectutem
865 747 1126 804 tragoedias
1167 747 1312 790 fecit:
1361 746 1486 803 quod
1528 750 1721 802 propter
1762 746 1970 790 studium

541 838 687 882 quum
719 837 819 866 rem
851 821 1086 878 negligere
1127 818 1405 862 familiarem
1439 818 1695 872 videretur,
1721 833 1749 862 a
1782 818 1891 863 filiis
1921 819 1971 863 in

539 898 770 956 judicium
790 898 981 939 vocatus
1018 898 1104 946 est,
1131 896 1196 947 ut,
1219 891 1613 950 quemadmodum
1651 896 1811 935 nostro
1843 906 1972 938 more

542 970 662 1014 male
683 984 783 1014 rem
802 967 1074 1026 gerentibus
1095 965 1308 1022 patribus
1338 951 1475 1008 bonis
1506 964 1722 1008 interdici
1744 964 1877 1021 s'olet,
1905 966 1972 1010 sie

543 1044 675 1087 illum
689 1042 822 1100 quasi
838 1040 1147 1098 desipientem
1169 1053 1195 1082 a
1218 1053 1267 1081 re
1288 1037 1507 1081 familiari
1531 1041 1827 1083 removerent
1846 1039 1970 1097 judi-

542 1133 627 1162 ees,
696 1117 816 1160 Tum
836 1128 981 1159 senex
1007 1112 1181 1157 dicitur
1213 1126 1313 1154 eam
1346 1110 1566 1165 fabulam,
1593 1126 1733 1168 quam
1754 1111 1804 1157 in
1825 1113 1971 1158 mani„

541 1190 630 1233 bus
650 1187 852 1232 habebat
874 1188 922 1229 et
941 1184 1151 1242 proxime
1175 1183 1436 1238 scripserat,
1465 1181 1682 1239 Oedipum
1715 1182 1965 1240 Coloneum,

543 1262 761 1306 recitasse
803 1258 1040 1317 judicibus
1093 1257 1437 1314 quaesisseque,
1474 1269 1587 1298 num
1628 1255 1747 1299 illud
1786 1271 1973 1303 camon

543 1334 816 1392 desipientis
837 1333 1106 1376 videretur.⁴
1156 1329 1258 1383 Quo
1279 1329 1474 1373 recitato
1493 1330 1741 1373 sententiis
1761 1330 1972 1388 J‘udieum
2028 1363 2039 1373 .

466 1411 522 1453 23
544 1414 614 1453 est
635 1408 872 1452 liberatus.
941 1404 1070 1448 Num
1091 1403 1236 1460 igitur
1256 1402 1394 1455 hunc,
1423 1416 1536 1445 num
1557 1401 1833 1460 Homerum,
1857 1417 1971 1449 num

546 1482 819 1534 Hesiodum,
849 1494 962 1523 mun
999 1477 1300 1524 Simonidem.
1329 1490 1443 1519 num
1479 1476 1812 1533 Stesichorum,
1838 1492 1967 1534 num,

542 1571 659 1614 quos
694 1559 803 1598 ante
837 1553 948 1606 dixi,
975 1552 1245 1605 Isocratem,
1271 1549 1502 1606 Gorgiam,
1530 1564 1643 1593 num
1676 1550 1972 1610 philosopho-

543 1645 647 1674 rum
668 1628 917 1686 principes,
945 1625 1275 1682 Pythagoram,
1303 1623 1640 1679 Democritum,
1665 1638 1780 1668 num
1814 1624 1972 1671 Plato-

544 1718 665 1758 nem,
691 1716 804 1746 num
837 1700 1171 1753 Xenocratem,
1197 1710 1310 1740 num
1342 1699 1504 1754 postea
1530 1696 1781 1753 Zenonem,
1809 1697 1971 1744 Clean-

546 1777 688 1830 them,
735 1778 816 1818 aut
867 1787 989 1827 eum,
1045 1784 1186 1829 quem
1227 1783 1309 1814 vos
1350 1769 1491 1814 etiam
1544 1769 1728 1815 vidistis
1777 1769 1967 1830 Romae,
2008 1812 2014 1817 .

546 1851 804 1905 Diogenem
827 1846 1051 1899 Stoicum,
1077 1844 1227 1900 coegit
1257 1843 1308 1886 in
1338 1842 1436 1887 suis
1465 1842 1635 1887 studiis
1654 1843 1975 1908 obmutescere

546 1923 792 1967 senectus?
823 1935 883 1964 an
906 1920 956 1962 in
988 1917 1207 1962 omnibus
1238 1916 1312 1960 his
1342 1915 1606 1961 studiorum
1636 1917 1829 1982 agitgtio
1850 1919 1975 1966 vitae

468 2002 525 2042 ‘24
546 1997 751 2055 aequalis
773 1994 903 2038 fuit?
966 1994 1079 2049 Age,
1108 1995 1159 2034 ut
1195 1990 1286 2034 ista
1318 1989 1480 2033 divina
1509 1989 1665 2036 studia
1684 1991 1969 2050 omittamus,

547 2084 733 2128 possum
766 2067 1007 2111 nominare
1041 2078 1100 2107 ex
1132 2077 1243 2121 agro
1279 2061 1453 2107 Sabino
1488 2062 1684 2107 rusticos
1719 2062 1969 2123 Romanos,

549 2144 724 2187 vicinos
746 2147 793 2185 et
813 2139 1066 2184 familiares
1087 2150 1229 2190 meos,
1250 2135 1422 2193 quibus
1443 2134 1715 2180 absentibus
1735 2151 1976 2197 nunquam

547 2219 644 2261 fero
666 2216 761 2259 ulla
783 2216 831 2257 in
853 2227 963 2269 agro
985 2211 1164 2268 majora.
1183 2223 1324 2266 opera
1344 2209 1478 2264 fiunt,
1505 2223 1600 2253 non
1630 2211 1856 2267 serendis,
1881 2225 1976 2267 nm}

549 2286 874 2347 percipiendis,
903 2299 998 2328 non
1020 2281 1279 2327 condendis
1300 2281 1546 2327 fructibus.
1613 2280 1905 2342 Quamquam
1925 2276 1975 2331 fi!
1993 2297 2002 2305 '

547 2364 649 2407 aliis
672 2362 825 2404 minus
847 2358 933 2401 hoc
957 2357 1155 2409 mirum3
1187 2369 1324 2399 nemo
1346 2354 1472 2399 enim
1492 2358 1565 2401 est
1594 2357 1691 2399 tam
1711 2370 1869 2414 senex,
1891 2357 1978 2427 Qui
2046 2343 2051 2347 ’

549 2453 598 2482 se
630 2449 806 2480 annum
842 2446 936 2476 non
974 2434 1111 2488 putet
1144 2443 1280 2487 posse
1316 2427 1504 2475 vivere.
1535 2426 1618 2475 sed
1647 2427 1792 2474 iidem
1823 2429 1876 2477 in
1898 2428 1985 2482 dt

550 2509 804 2563 elaborant,
831 2519 950 2563 quae
971 2505 1125 2547 sciunt
1148 2501 1265 2546 nihil
1288 2501 1347 2546 ad
1367 2516 1417 2546 se
1439 2500 1631 2547 omnino
1650 2501 1980 2593 pertinen-053
