2118 2912
749 236 867 266 cA-ro
902 236 1070 270 maon,
1246 251 1250 253 Α
1526 231 1584 275 55

166 350 302 391 quam
326 336 491 380 lumini
523 338 676 382 oleum
708 340 918 394 instilles,
946 341 1312 398 exstinguuntur
1330 350 1581 392 senectute.

166 407 228 451 Et
249 423 439 464 corpora
469 410 660 466 quidem
691 412 1022 456 exercitatione
1055 414 1381 466 ingravescunt
1405 433 1415 468 ;
1447 419 1590 463 animi

163 483 319 524 autem
340 479 428 538 [se]
450 483 706 526 exercendo
729 483 955 528 levantur.
1024 485 1161 541 Nam,
1186 502 1301 544 qnos
1322 490 1388 531 ait
1411 489 1584 534 Caecil-

165 553 252 608 ius,
277 555 458 598 comicos
477 555 633 598 stultos
662 570 790 610 senes,
818 556 901 599 hos
923 557 1150 622 signi-licat
1185 560 1410 614 credulos,
1437 562 1583 606 obliv-

164 626 297 678 iosos,
325 625 574 669 dissolutos
592 643 602 680 3
635 642 753 684 quae
785 628 900 671 Vitia
939 633 1050 672 sunt
1082 644 1176 672 non
1210 634 1476 687 senectutis,
1506 634 1587 677 sed

164 698 340 752 inertis,
368 699 573 754 ignavae,
599 700 932 743 somniculosae
954 703 1220 746 senectutis.
1290 704 1355 747 Ut
1376 707 1585 760 petulan-

165 770 244 823 tia,
271 773 324 813 ut
359 770 504 814 libido
541 756 789 827 magis’est
819 772 1198 828 adolescentium,
1226 790 1363 831 quam
1401 754 1577 832 senum,

165 857 250 887 nec
270 847 426 887 tamen
448 843 654 886 omnium
676 844 1052 900 adolescentium,
1080 847 1159 889 sed
1184 863 1275 890 non
1299 850 1548 904 proborum
1572 865 1581 894 :

162 916 228 960 sic
262 916 350 960 ista
381 916 539 960 senilis
567 917 781 971 stultitia,
808 933 926 975 quae
960 919 1173 984 deliratio
1207 922 1427 976 appellari
1450 923 1579 977 solet,

163 1003 325 1032 senum
359 989 532 1053 levi-um
565 994 650 1044 est,
686 1005 781 1033 non
816 990 1035 1035 omnium.
1104 991 1337 1044 Quattuor
1370 995 1584 1038 robustos
1606 994 1657 1042 37

164 1061 295 1112 filios,
319 1061 526 1119 quinque
558 1061 686 1116 filias,
715 1066 892 1106 tantam
927 1063 1131 1117 domum,
1158 1069 1312 1107 tantas
1346 1066 1583 1110 clientelas

166 1134 340 1190 Appius
361 1134 549 1189 regebat
571 1139 617 1177 et
639 1149 798 1177 caecus
815 1138 862 1177 et
884 1150 1023 1178 senex
1044 1150 1053 1180 ε
1088 1137 1322 1179 intentum
1343 1139 1467 1180 enim
1488 1139 1584 1180 ani-

164 1224 291 1252 mum
310 1211 544 1264 tamquam
566 1223 721 1251 arcum
739 1208 938 1251 habebat
955 1224 1039 1252 nec
1060 1209 1238 1265 langue:
1254 1226 1357 1253 cens
1379 1226 1583 1254 succum-

163 1282 301 1325 bebat
322 1281 563 1324 senectuti.
622 1280 831 1323 Tenebat
862 1295 955 1323 non
979 1282 1115 1325 modo
1137 1284 1475 1338 auctoritatem,
1502 1285 1583 1327 sed

162 1356 301 1400 etiam
322 1354 567 1410 imperium
599 1355 648 1397 in
679 1369 814 1399 suos:
847 1357 1118 1399 metuebant
1140 1358 1274 1410 servi,
1305 1358 1583 1400 verebantur

163 1427 311 1481 liberi,
336 1442 493 1470 carum
528 1441 688 1470 omnes
724 1426 986 1471 habebant:
1022 1429 1209 1483 vigebat
1246 1429 1294 1471 in
1327 1429 1408 1472 illa
1445 1430 1581 1472 domo

163 1515 260 1544 mos
283 1499 458 1556 patrius
479 1502 526 1543 et
547 1499 802 1554 disciplina.
870 1500 945 1543 Ita
978 1501 1101 1543 enim
1134 1506 1347 1544 senectus
1383 1501 1578 1544 honesta
1599 1502 1655 1544 38

162 1577 246 1627 est,
271 1573 310 1615 si
331 1587 380 1615 se
399 1573 499 1628 ipsa.
523 1571 747 1625 defendit,
774 1572 813 1614 si
844 1572 921 1629 jus
958 1587 1093 1615 suum
1127 1574 1314 1626 retinet,
1341 1575 1379 1616 si
1402 1575 1578 1617 nemini

162 1645 420 1711 margzipata
441 1648 525 1697 est,
543 1644 581 1686 si
607 1659 748 1700 usque
769 1644 828 1687 ad
851 1645 1066 1688 ultimum
1087 1646 1302 1702 spiritum
1317 1647 1582 1689 dominatur

163 1721 211 1763 in
231 1734 350 1763 suos.
422 1718 486 1762 Ut
507 1718 630 1761 enim
652 1718 1006 1771 adolescentem,
1035 1720 1082 1761 in
1105 1735 1197 1776 quo
1220 1721 1365 1763 senile
1386 1720 1576 1777 aliquid,

161 1794 227 1837 sie
246 1807 417 1845 senem,
443 1791 492 1834 in
511 1806 604 1848 quo
625 1795 696 1834 est
714 1791 892 1848 aliquid
907 1791 1225 1847 adolescentis,
1252 1794 1396 1850 probo
1413 1792 1426 1837 'z
1458 1784 1582 1850 qnod

161 1866 242 1922 qui
265 1865 476 1921 sequitur
489 1877 676 1919 corpore
693 1878 834 1906 senex
857 1879 955 1907 esse
977 1865 1160 1920 poterit,
1176 1866 1330 1907 animo
1345 1827 1614 1931 nunquam‘

162 1938 264 1982 erit.
331 1936 566 1992 Septimus
587 1935 702 1978 mihi
731 1935 974 1991 Originum
1006 1936 1125 1979 liber
1146 1941 1216 1980 est
1248 1938 1296 1979 in
1330 1926 1570 1981 manibus:

162 2010 318 2054 omnia
336 2008 628 2065 antiquitatis
648 2013 950 2051 monumenta
971 2008 1135 2064 colligo
1159 2023 1167 2052 ε
1201 2023 1439 2052 causarum
1455 2001 1582 2052 illus-

162 2083 318 2135 trium,
344 2094 643 2138 quaseunque
674 2080 877 2135 defendi,
905 2095 1030 2123 nunc
1065 2095 1210 2141 quugn
1243 2083 1443 2137 maxime
1476 2096 1581 2124 con-

162 2155 266 2200 ficio
288 2155 545 2199 orationes:
581 2154 658 2212 jus
671 2154 928 2209 augurium,
942 2154 1244 2210 pontificium,
1260 2154 1394 2197 civile
1407 2158 1580 2223 trfftoz

163 2228 363 2272 multum
381 2227 520 2272 etiam
543 2225 733 2270 Graecis
754 2226 904 2270 literis
921 2231 1028 2270 utor
1044 2239 1057 2283 5
1088 2227 1579 2284 Pythagoreorumque

162 2316 290 2346 more
310 2299 592 2344 exercendae
613 2300 860 2343 memoriae
881 2299 1030 2355 gratia
1045 2299 1159 2357 quid
1178 2315 1362 2356 quoque
1384 2300 1460 2342 die
1482 2300 1578 2342 dix—

162 2374 278 2418 erim
297 2372 539 2427 audierim,
564 2359 751 2428 egerim,
777 2386 1085 2451 commsmoro
1106 2373 1299 2428 vesperi.
1346 2372 1450 2415 Hae
1472 2378 1581 2414 sunt

162 2445 517 2491 exercitationes
547 2445 754 2502 ingenii3
785 2445 898 2489 lme'c
933 2444 1162 2489 curricula
1195 2445 1365 2488 mentis
1389 2459 1398 2487 :
1431 2445 1480 2487 in
1510 2445 1583 2487 his

162 2519 394 2607 desgdans
432 2524 574 2578 atque
607 2519 848 2563 elaborans
889 2519 1095 2577 corporis
1131 2520 1250 2562 vires.
1287 2533 1382 2561 non
1418 2533 1583 2574 magno
