2118 2912
763 180 882 211 cmo
912 179 1085 211 trs-ron.
1517 194 1527 200 ·
1544 170 1601 213 03

182 289 362 344 frugem
381 287 495 350 spici
516 286 679 330 ordine
692 288 930 338 structam,
950 286 998 327 et
1018 286 1180 326 contra
1199 284 1355 327 avium
1371 286 1601 329 minorum

181 375 358 418 mopsus
378 359 588 403 munitur
609 357 729 402 vallo
750 356 1009 410 aristarum.
1077 355 1201 409 Quid
1232 372 1316 412 ego
1338 358 1507 416 viti-um
1529 373 1598 401 or-
1622 359 1678 402 52

181 438 272 492 t,us,
293 437 434 488 satus,
459 431 746 491 incrementa
766 442 1119 471 commemorem
1136 429 1152 472 2
1213 429 1381 473 Satiari
1403 431 1600 474 delecta-

180 506 308 550 tione
327 519 423 548 non
444 517 644 560 possum,
672 506 726 545 ut
747 515 876 544 meae
897 502 1149 544 senectutis
1171 503 1427 558 requietem
1451 504 1599 556 obl-ec-

179 582 530 634 tamentumque
550 574 760 618 noscatis
830 572 1009 616 Omitto
1040 572 1164 616 enim
1199 574 1292 617 vim
1326 575 1473 630 ipsam
1507 591 1598 618 om-

178 652 322 704 nium,
348 660 466 707 quae
501 649 782 704 generantur
812 659 839 688 e
868 647 994 688 terra
1012 661 1023 698 3
1057 659 1175 702 quae
1211 660 1268 688 ex
1305 647 1379 688 fici
1414 647 1598 690 tantulo

178 738 320 781 grano
341 725 423 766 aut
442 735 500 765 ex
521 721 654 784 acigio
686 719 875 780 vinageo
907 721 990 760 aut
1027 732 1083 761 ex
1119 721 1374 761 ceterarum
1411 720 1597 775 frugum

178 812 230 840 ac
249 796 466 852 stirpium
486 791 809 837 minutissimis
841 791 1095 834 seminibus
1127 794 1282 834 tantos
1319 795 1508 845 truncos
1529 807 1596 835 ra-

178 883 367 926 mosque
398 869 623 924 procreat.
683 863 909 915 Malleoli,
934 863 1134 923 plaptac,
1162 868 1408 921 sarmenta,
1434 839 1598 908 vivira—

178 942 316 995 dices,
342 939 617 1000 propagines
652 950 808 979 nonne
843 949 896 978 ea
932 935 1137 978 efficiunt
1173 939 1227 978 ut
1262 937 1472 992 quemvis
1494 952 1596 980 cum

177 1014 482 1059 admiratione
517 1010 781 1055 delectent?
870 1008 996 1051 Vitis
1033 1008 1236 1065 quidem,
1278 1023 1397 1066 quae
1434 1014 1600 1054 natura

177 1078 348 1133 caduca
367 1090 438 1130 est
459 1089 506 1129 et
526 1083 618 1127 nisi
638 1082 760 1127 fulta
780 1081 841 1124 sit
870 1082 1023 1124 fertur
1045 1081 1103 1124 ad
1133 1084 1319 1136 terram,
1347 1083 1522 1133 eadem,
1546 1089 1599 1126 ut
1663 1109 1666 1112 >

177 1175 226 1205 se
256 1158 418 1215 erigat,
442 1154 676 1216 claviculis
711 1154 807 1197 suis
841 1152 974 1210 quasi
1010 1152 1226 1196 manibus
1262 1154 1491 1210 quidquid
1529 1159 1598 1198 est

177 1234 313 1276 nacta
333 1228 686 1285 complectitur:
718 1240 859 1283 quam
889 1229 1153 1282 serpentem
1188 1217 1433 1283 multiplici
1467 1227 1597 1284 lapsu

178 1308 226 1349 et
246 1302 442 1348 erratico
462 1302 587 1344 ferro
608 1304 855 1356 amputans
876 1302 1055 1341 coercet
1087 1313 1161 1341 ars
1194 1299 1513 1354 agricolarum,
1538 1288 1597 1344 ne

177 1378 389 1422 silvescat
410 1373 655 1418 sarmentis
681 1376 729 1415 et
749 1371 799 1414 in
821 1385 980 1414 omnes
1002 1375 1156 1427 partes
1179 1372 1322 1434 nimia
1353 1373 1588 1417 fundatur.

176 1433 344 1508 Itaque
364 1448 557 1492 ineunte
592 1460 701 1489 vere
731 1445 780 1488 in
814 1443 889 1499 iis,
910 1458 1029 1501 quae
1064 1444 1227 1487 relicta
1262 1449 1385 1500 sunt,
1414 1447 1596 1490 exsistit
1618 1449 1675 1490 53

177 1528 414 1580 tamquam
447 1520 507 1563 ad
542 1518 762 1562 articulos
794 1519 1133 1560 sarmentorum
1171 1531 1237 1571 ea,
1264 1532 1382 1574 quae
1417 1533 1598 1578 gemma

177 1596 348 1640 dicitur
369 1609 379 1639 :
411 1608 438 1636 a
452 1607 545 1649 qua
564 1591 719 1646 oriens
743 1604 831 1633 uva
852 1604 952 1632 sese
973 1589 1179 1632 ostendit
1202 1604 1212 1634 :
1245 1605 1363 1647 quae
1385 1594 1432 1634 et
1462 1606 1597 1648 succo

174 1673 326 1713 terrae
347 1669 395 1710 et
415 1665 564 1708 calore
584 1662 694 1707 solis
714 1676 963 1717 augescens
978 1660 1127 1716 primo
1141 1665 1212 1704 est
1231 1663 1478 1724 peracerba
1492 1679 1593 1720 gus-

174 1745 293 1795 tatu,
332 1737 502 1782 deinde
542 1738 772 1779 maturata
812 1733 1035 1777 dulcescit
1070 1733 1331 1791 vesti-‚taque
1366 1716 1595 1797 pagnpinis

174 1827 260 1856 nec
290 1810 471 1855 modico
513 1812 672 1864 tepore
711 1809 839 1849 caret
873 1808 922 1849 et
954 1806 1123 1848 nimios
1153 1807 1262 1849 solis
1294 1807 1504 1851 defendit
1525 1825 1593 1852 ar-

174 1885 319 1929 dores.
387 1881 490 1936 Qua
526 1879 641 1938 quid
675 1881 830 1936 potest
865 1892 964 1922 esse
998 1882 1099 1920 tum
1128 1879 1283 1922 fructu
1306 1880 1473 1924 laetius
1494 1886 1593 1926 tum

173 1958 394 2014 adspectu
435 1950 707 2011 pulchrius?
781 1950 928 2007 Cujus
962 1950 1151 2007 quidem
1183 1966 1276 1994 non
1311 1953 1487 1997 utilitas
1521 1970 1594 1999 me

173 2031 337 2084 solum,
363 2030 418 2071 ut
438 2030 547 2070 ante
569 2025 680 2079 dixi,
707 2023 790 2068 sed
823 2023 963 2066 etiam
996 2023 1178 2066 cultura
1214 2027 1261 2067 et
1297 2025 1396 2081 ipsa
1428 2031 1594 2071 natura

173 2102 404 2146 delectat:
436 2089 822 2161 adminiculorum
853 2095 1052 2148 ordines,
1081 2097 1282 2152 capitum
1304 2097 1496 2160 jugagcio,
1523 2115 1592 2160 r9-

171 2174 331 2231 ligatio
352 2175 398 2216 et
419 2169 688 2227 propagatio
709 2168 890 2222 vitium,
907 2170 1339 2226 sarmentorumque
1361 2185 1428 2225 ea,
1454 2186 1593 2228 quam

172 2247 282 2302 dixi,
309 2245 503 2290 afiorum
535 2241 808 2298 amputatio,
833 2240 1029 2283 aliorum
1061 2240 1294 2302 immissio.
1364 2242 1485 2295 Quid
1509 2260 1591 2301 ego

169 2316 474 2376 irrigationes,
491 2313 606 2372 quid
623 2312 848 2378 fossipnes
868 2310 965 2366 agri
986 2310 1467 2370 repastinationesque
1487 2330 1589 2378 pro-

168 2392 332 2445 feram,
365 2387 535 2447 quibus
574 2385 628 2428 fit
667 2383 817 2427 multo
855 2386 981 2427 terra
1018 2383 1296 2429 fecundior?
1367 2385 1490 2439 Quid
1532 2387 1589 2432 de
1612 2390 1666 2433 54

168 2462 375 2510 utilitate
393 2459 558 2518 loquar
575 2455 895 2547 stercqrandi?
924 2455 1022 2500 dixi
1043 2455 1092 2500 in
1115 2471 1168 2500 eo
1205 2457 1338 2511 libro,
1365 2473 1504 2516 quem
1540 2461 1591 2503 de
